2925 4992
1058 236 1552 336 cannova.
2269 270 2389 336 ⁴³5

217 410 397 489 utiquc
436 414 813 478 documentis
866 415 1241 479 declarantur
1290 436 1383 477 res
1445 436 1582 493 quas
1639 418 1928 481 divinitus
1976 422 2380 499 contingunt,

217 494 659 569 quandoquidem
686 504 843 563 tunc,
872 513 1055 570 quum
1084 498 1225 555 idem
1249 494 1365 555 fuit
1399 492 1530 555 dies*
1555 507 1762 572 quoet
1787 502 1861 557 ad
1888 500 2132 558 Plataeas
2157 500 2384 561 cladem

212 569 387 639 Persa
430 584 775 649 acceperunt
814 580 877 631 et
918 577 993 631 ad
1036 576 1291 649 Mycalen
1332 578 1630 651 accepturi
1673 587 1860 646 erant,
1887 579 1960 635 ad
2011 581 2246 641 Graecos
2289 580 2386 637 hic

212 657 413 707 stantes
433 651 593 709 fama
616 654 919 727 pervenit,
962 671 1081 727 quo
1108 654 1331 711 factum
1354 662 1465 723 est,
1495 662 1564 713 ut
1583 656 1775 715 multo
1800 654 2080 729 majorem
2111 657 2384 734 fiduciam

209 737 424 801 caperet
448 734 754 799 exercitus,
780 739 841 789 et
866 731 937 787 ad
966 732 1333 789 subeundum
1364 728 1685 806 periculum
1711 743 1864 793 esset
1889 735 2150 793 alacrior.

282 812 407 865 101.
445 810 635 883 Atque
678 811 858 869 etiam
909 810 1025 867 hoc
1064 811 1315 869 alterum
1358 808 1614 886 contigit
1662 820 1729 869 ut
1781 822 2172 881 concurreret,
2223 810 2384 889 quod

199 899 436 959 ‘utraque
498 904 709 963 pugna
773 905 953 963 prope
1001 888 1229 947 Cereris
1278 887 1592 947 Eleusiniae
1643 892 1932 965 templum
1979 901 2244 969 pugnata
2296 894 2388 949 sit.

204 960 349 1021 Nam
393 982 571 1041 prope
598 966 825 1024 Cereris
858 968 1151 1041 templum
1180 975 1240 1023 et
1266 968 1325 1023 in
1354 966 1666 1029 Plataeensi
1703 985 1867 1043 agro,
1895 978 1964 1027 ut
1989 989 2164 1045 supra
2187 971 2382 1044 docui,

204 1051 521 1117 pugnabam
546 1052 657 1111 est,
682 1052 745 1108 et
781 1060 942 1103 nunc
990 1046 1065 1101 ad
1092 1044 1349 1117 Mycalen
1392 1046 1612 1119 pariter
1633 1044 1954 1123 pugnaturi
1989 1057 2173 1107 erant.
2261 1048 2384 1105 Vic-

208 1122 389 1177 toriam
410 1130 609 1179 autem
630 1121 757 1193 jam
802 1130 915 1179 tum
960 1130 1262 1195 reportasse
1304 1124 1544 1181 Graecos
1584 1141 1722 1181 cum
1751 1120 2060 1194 Pausania,
2088 1137 2244 1185 recte
2294 1127 2384 1184 his

202 1196 351 1255 fama
373 1202 672 1258 nunciavit
696 1217 715 1256 ε
758 1219 901 1259 nam
942 1200 1287 1259 Plataeensis
1318 1220 1519 1276 pugna
1551 1204 1850 1259 matutino
1883 1205 2076 1263 adhuc
2117 1213 2384 1279 tempore

200 1272 365 1347 hujus
406 1279 523 1337 diei
568 1287 837 1353 pugnata
874 1286 1023 1345 erat,
1052 1280 1179 1337 haec
1218 1288 1419 1337 autem
1462 1279 1534 1335 ad
1581 1278 1852 1353 Mycalen
1903 1284 2012 1341 sub
2060 1301 2382 1357 vesperam.

201 1348 524 1431 Pugnatam
572 1367 773 1415 autem
816 1375 941 1414 esse
991 1366 1301 1432 utramque
1354 1374 1618 1433 pugnam
1643 1359 1852 1417 eodem
1877 1356 2139 1432 ejusdem
2167 1362 2385 1419 mensis

198 1431 307 1499 die,
334 1434 485 1494 haud
516 1438 715 1495 multo
746 1446 881 1509 post
919 1436 1139 1509 liquido
1164 1443 1592 1511 cognoverunt.
1671 1438 1848 1495 Anxii
1885 1447 2088 1497 autem
2126 1440 2381 1509 fuerant,

194 1512 529 1587 priusquam
571 1515 698 1577 haec
736 1516 897 1571 fama
933 1511 1192 1584 advenit,
1223 1532 1343 1573 non
1385 1523 1509 1576 tam
1535 1514 1628 1573 sui
1651 1532 1874 1583 caussa,
1901 1534 2078 1590 quam
2117 1518 2382 1577 omnium

196 1589 545 1659 Graecorum,
602 1599 935 1651 metuentes
993 1610 1067 1649 ne
1117 1592 1427 1649 Mardonio
1493 1595 1898 1651 succumberet
1949 1597 2214 1652 Graecia:
2284 1594 2383 1652 sed

191 1678 495 1744 post-qaam
528 1670 631 1726 illa
654 1670 975 1730 exercitum
999 1671 1327 1744 peryolavit
1344 1670 1526 1737 fama..
1549 1688 1622 1727 eo
1645 1672 2088 1731 confidentiores
2131 1681 2192 1731 et
2232 1674 2382 1731 cele-

196 1746 335 1803 riore
350 1750 538 1824 gradu
564 1750 627 1804 in
650 1748 877 1806 hostem
904 1749 1149 1806 iverunt.
1214 1748 1409 1825 Igitur
1422 1757 1486 1805 et
1510 1746 1701 1807 Graeci
1727 1759 1785 1806 et
1816 1751 2052 1807 Barbari
2077 1747 2386 1827 pugnandi

190 1826 378 1885 studio
406 1828 755 1901 flagrabant,
784 1827 1003 1900 quippe
1040 1826 1356 1900 quibus-et
1395 1827 1602 1884 insulae
1651 1838 1714 1885 et
1759 1828 2186 1903 Hellespontus
2229 1848 2381 1903 prse-

195 1904 375 1965 mium
402 1906 665 1964 victoriae
686 1905 1051 1979 propositum
1080 1912 1220 1963 erat.

266 1986 393 2041 102.
432 1983 842 2050 Athenienses,
884 1991 945 2041 et
985 1984 1086 2057 qui
1123 1983 1388 2058 proxime
1434 1984 1572 2040 illos
1617 1984 1797 2042 locati
1835 1992 2022 2051 erant,
2063 1983 2382 2043 dimidium

184 2057 305 2119 fere
329 2063 511 2121 totius
538 2062 849 2128 exercitus,
875 2062 1033 2117 viam
1062 2061 1361 2121 habebant
1402 2062 1722 2121 secundum
1762 2064 1930 2121 littus
1969 2071 2031 2121 et
2068 2082 2172 2138 per
2211 2062 2385 2139 plana

187 2136 313 2195 loca
330 2164 347 2211 3
392 2140 825 2199 Lacedaemonii
849 2156 1011 2207 vero,
1038 2148 1097 2199 et
1134 2140 1239 2213 qui
1278 2147 1413 2213 post
1452 2140 1562 2197 hos
1594 2140 1790 2221 locati,
1819 2160 1922 2215 per
1947 2143 2293 2216 voraginem
2321 2151 2382 2197 et

190 2228 473 2277 montana.
554 2220 839 2293 Dumque
880 2218 945 2275 hi
981 2217 1392 2283 circumibant,
1432 2218 1522 2273 illi
1560 2218 1624 2273 in
1665 2218 1848 2273 altero
1888 2235 2072 2275 cornu
2113 2236 2381 2293 pugnam

180 2289 299 2364 jam
340 2298 783 2355 commiserant.
862 2295 1167 2357 Quamdiu
1214 2293 1401 2369 igitur
1450 2293 1642 2351 Persis
1679 2303 1854 2353 rectae
1891 2296 2129 2353 stabant
2167 2304 2378 2363 crates,

184 2376 597 2453 repugnabant
634 2374 722 2434 illi
762 2373 1049 2439 hostibus,
1088 2390 1283 2447 neque
1318 2372 1403 2429 eis
1444 2378 1612 2429 erant
1650 2372 1976 2429 inferiores·
2059 2374 2174 2431 Sed
2197 2388 2383 2448 quum

186 2452 569 2517 Athenienses
595 2454 805 2528 hisque
840 2452 1113 2526 proximi,
1142 2468 1259 2525 quo
1282 2451 1541 2530 ipsorum
1583 2459 1734 2508 esset
1771 2450 2017 2521 factum,
2045 2470 2168 2509 non
2191 2450 2379 2509 Lace-

185 2529 628 2595 daemoniorum.
676 2531 929 2589 invicem
964 2530 1272 2597 cohortati,
1314 2528 1506 2585 acrius
1554 2527 1961 2585 incumberent
2011 2531 2198 2603 operi,
2251 2535 2382 2587 tum

181 2610 415 2683 quidem
461 2618 699 2669 mutata
742 2616 833 2667 est
871 2608 955 2665 rei
1007 2608 1205 2668 facies.
1283 2602 1584 2681 Perruptis
1636 2608 1801 2665 enim
1851 2606 2106 2665 cratibus
2151 2605 2384 2683 ingenti

188 2686 405 2761 impetu
440 2688 699 2745 conferti
725 2688 788 2747 in
814 2687 1017 2747 Persas
1044 2686 1376 2743 irruebant:
1422 2693 1482 2741 et
1507 2685 1593 2741 illi
1620 2693 1977 2759 exceperunt
2001 2682 2238 2761 quidem
2267 2683 2382 2741 im-

188 2770 403 2837 petum,
430 2774 497 2825 et
520 2784 625 2840 per
647 2772 741 2824 sat
764 2764 1014 2839 longum
1039 2772 1279 2837 tempus
1297 2770 1698 2838 repugnarunt
1723 2789 1742 2835 3
1787 2762 1862 2821 ad
1889 2771 2218 2823 extremum
2245 2780 2383 2821 vero

186 2844 339 2906 intra
358 2862 605 2910 murum
633 2844 1041 2919 profugerunt.
1121 2845 1289 2905 Quos
1314 2842 1566 2901 insecuti
1592 2842 1978 2899 Athenienses
2003 2860 2150 2916 cum,
2170 2843 2383 2899 Corin·
2454 2876 2471 2889 ·

189 2923 323 2983 thiis
347 2932 407 2983 et
432 2920 715 2996 Sicyoniis
740 2929 802 2979 et
823 2921 1168 2988 Troezeniis,
1198 2920 1289 2994 (hi
1312 2920 1475 2975 enim
1518 2919 1602 2975 ita
1639 2919 1906 2993 deinceps
1947 2920 2008 2977 in
2047 2920 2170 2975 acie
2206 2920 2385 2977 locati

188 3002 375 3071 eraut)
402 3002 589 3061 simul
634 3017 772 3057 cum
818 2994 935 3057 illis
970 2997 1139 3057 intra
1184 3015 1423 3055 murum
1453 2998 1768 3057 irruerunt.
1851 2998 1934 3055 Ut
1973 2998 2158 3073 igitur
2203 2997 2383 3055 etiam

192 3081 495 3140 castellum
520 3080 633 3137 hoc
658 3085 1061 3152 expugnatum
1102 3085 1211 3148 est,
1239 3076 1454 3134 omissa
1496 3092 1698 3151 pugna
1735 3075 1982 3133 Barbari
2020 3075 2228 3152 fugam
2255 3093 2384 3133 cor-

186 3159 428 3231 ripuere,
482 3158 741 3230 exeeptis
778 3156 1014 3227 P-ersis3
1055 3156 1179 3230 qui,
1220 3154 1401 3211 etiam
1446 3154 1522 3211 ad
1564 3154 1847 3228 exiguum
1888 3154 2027 3211 licet
2069 3170 2381 3211 numerum

181 3237 423 3305 sedasti,
452 3244 796 3295 constanter
832 3242 1031 3293 tamen
1069 3234 1309 3299 Graecis,
1350 3232 1592 3289 adsidue
1634 3232 2013 3299 irruentibus,
2042 3250 2168 3289 sese
2193 3248 2382 3305 oppo-

186 3324 447 3375 suerunt.
527 3315 609 3371 Et
646 3314 763 3369 duo
809 3313 1046 3387 quidem
1090 3331 1164 3369 ex
1202 3311 1447 3369 Persicis
1495 3310 1742 3368 ducibus
1789 3310 1936 3386 fuga
1969 3328 2226 3379 evasere,
2263 3310 2384 3369 duo

186 3411 321 3454 vero
347 3394 589 3469 periere.
666 3392 975 3466 Artayntes
1000 3398 1063 3447 et
1087 3386 1455 3454 Ithamitres,
1471 3386 1894 3445 classiariorum
1929 3389 2209 3462 praefecti,
2237 3387 2386 3463 fuga
2443 3440 2450 3444 .

162 3472 439 3533 .salutem
472 3472 803 3545 petierunt:
850 3477 1185 3545 pugnantes
1211 3486 1347 3526 vero
1374 3467 1712 3525 ceciderunt
1735 3467 2080 3527 Mardontes
2108 3475 2168 3523 et
2192 3467 2382 3541 impe·

184 3559 341 3608 rator
368 3549 652 3626 pedestris
678 3549 965 3605 exercitus
990 3549 1293 3622 Tigranes.
2289 3566 2296 3579 ¹
2349 3614 2353 3619 ι

266 3634 398 3687 103.
438 3629 605 3687 Dum
652 3626 843 3685 adhue
891 3626 1239 3703 pugnabant
1271 3620 1486 3691 Persae,
1524 3623 1887 3691 advenerunt
1927 3619 2380 3688 Lacedaemonii,

186 3708 403 3783 quique
442 3724 579 3765 cum
626 3704 717 3761 his
748 3713 949 3773 ,ei-ant,
992 3713 1052 3761 et
1096 3704 1319 3777 reliqua
1362 3702 1540 3759 simul
1588 3716 1954 3777 peregerunt.
2035 3700 2385 3757 Ceciderunt

184 3794 381 3845 autem
408 3782 496 3841 ibi
520 3802 593 3841 ex
616 3784 755 3857 ipsis
802 3784 979 3843 etiam
1008 3782 1229 3841 Graeois
1276 3781 1434 3840 haud
1472 3780 1684 3855 pauci;
1729 3797 1911 3855 quum
1957 3779 2079 3844 alii,
2129 3787 2260 3841 tum
2310 3793 2384 3837 ex

186 3862 477 3937 Sicyoniis
500 3862 692 3930 multi,
724 3878 1043 3935 eorumque
1064 3861 1185 3919 dux·
1208 3858 1490 3917 Perilaus.
1567 3855 1748 3917 Samii
1775 3875 1934 3924 vero,
1961 3858 2062 3931 qui
2104 3855 2170 3911 -in
2217 3872 2381 3943 exfer-

186 3942 313 4003 citu
352 3940 593 4001 Medico
640 3940 995 4006 militabant,
1048 3939 1260 4014 quibus
1312 3954 1478 3995 arma
1525 3945 1698 3997 erant
1745 3936 1998 4001 ademta,
2033 3950 2220 4010 quum
2253 3951 2402 4005 Jam,

186 4016 359 4085 initio
400 4018 693 4077 vidissent
733 4018 1049 4092 ancipitem
1092 4033 1221 4076 esse
1269 4029 1554 4093 pugnam,
1601 4013 1884 4089 quidquid
1931 4014 1988 4071 in
2035 4029 2238 4071 eorum
2269 4010 2384 4069 fuit

190 4103 483 4177 potestate
508 4097 797 4175 fecerunt,
826 4114 943 4177 quo
969 4097 1206 4157 Graecos
1222 4090 1524 4164 juvarent.
1602 4092 1682 4153 Et
1710 4092 1916 4167 reliqui
1955 4090 2148 4161 Iones,
2177 4090 2381 4153 viden-

624 4178 639 4185 *
1159 4176 1197 4230 3
1228 4189 1273 4233 ις
1300 4176 1337 4229 2
