2925 4992
1056 264 1536 345 emmoni.
2256 292 2394 377 4³⁵³..

508 444 512 446 ·
642 446 688 475 er
810 441 825 459 ·
878 441 891 457 ·
1203 440 1219 454 ”
1764 444 1771 455 ‘
1981 443 2024 459 '⁸

180 438 696 579 smmi,
712 441 1389 579 mmmmm
1406 440 2370 597 ‘¹¹:3302’25331322223'z‘3533222

183 601 224 627 “
248 596 449 670 lupos3
494 616 685 673 neque
726 600 889 672 prius
914 600 1203 657 desituros
1228 616 1353 657 esse
1380 599 1550 655 illum
1573 599 1798 665 ulcisci,
1825 615 2005 673 quam
2049 601 2102 656 ei
2130 617 2366 673 poenam

182 679 221 705 ‘⁸
244 674 509 733 facinoris
538 678 833 737 dedissent
872 676 1284 750 Apolloniatas,
1326 693 1758 753 quamcumque
1801 676 1924 751 ipse
1965 674 2356 751 postulasset:

180 756 223 782 ‘⁸
244 768 375 825 quoe
414 756 647 829 quando
682 756 884 813 ,soluta
912 756 1091 816 fuerit
1130 772 1324 828 poena,
1366 756 1606 811 daturos
1643 754 1868 811 Euenio
1909 772 2034 811 esse
2069 750 2208 813 deos
2246 758 2364 813 tale

174 834 219 861 ‘¹
246 829 489 899 donum,
518 829 687 905 cujus
730 850 935 893 caussa
972 834 1149 897 multi
1192 834 1457 891 homines
1501 834 1750 891 beatum-
1785 824 1954 889 illum
1997 834 2112 891 sint
2152 836 2362 909 praedi-

177 911 220 938 “
245 912 483 970 eaturi.‘·
1831 916 1839 925 '

250 988 340 1045 94.
381 988 533 1046 Haec
558 990 949 1065 Apolloniatis
972 990 1111 1048 data
1136 997 1273 1047 sunt
1300 1008 1608 1065 responsa3
1651 1010 1783 1065 quae
1827 984 1914 1065 illi
1947 982 2101 1045 clam
2135 990 2360 1047 haben-

170 1070 274 1131 tes,
298 1063 521 1125 civium
544 1086 793 1127 suorum
818 1068 1125 1126 nonnullis
1152 1070 1453 1143 negotium
1481 1086 1620 1127 cum
1660 1066 1892 1127 Euenio
1930 1064 2362 1127 conficiendum

170 1143 539 1202 manduunt.
620 1146 699 1203 Et
726 1147 790 1203 hi
816 1148 887 1203 ad
914 1147 973 1202 id
997 1145 1431 1205 conficiendum
1460 1147 1570 1203 hac
1595 1149 1686 1204 usi
1711 1156 1852 1204 sunt
1880 1148 2119 1205 ratione.
2199 1148 2360 1205 Con-

169 1223 408 1279 veniunt
434 1224 733 1281 Euenium
759 1226 819 1281 in
846 1226 991 1283 sella
1014 1226 1337 1291 sedentem,
1365 1226 1533 1299 eique
1555 1225 1890 1283 adsidentes
1927 1224 2184 1297 primum
2231 1222 2397 1297 aliis„

168 1296 237 1355 de
262 1300 435 1359 rebus
460 1302 642 1361 verba
666 1303 912 1370 faciunt,
940 1303 1146 1359 deinde
1172 1302 1244 1359 ad
1278 1304 1798 1375 commiserandam
1831 1302 2087 1359 hominis
2115 1302 2359 1359 calami-

168 1382 341 1435 tatem
388 1380 705 1456 progressi,
748 1388 926 1454 atque
968 1381 1049 1437 ita
1086 1398 1223 1439 eum
1272 1380 1564 1446 fallentes,
1593 1382 1958 1455 interrogant
2007 1386 2050 1411 “
2075 1398 2360 1453 quasnam

167 1458 207 1486 ‘⁴'
230 1472 435 1529 poenas
462 1466 617 1515 esset
643 1459 1065 1533 postulaturus,
1090 1459 1140 1515 si
1166 1458 1488 1515 voluissent
1511 1456 1901 1533 Apolloniatae
1936 1475 2138 1527 poenns
2171 1458 2368 1533 *sustiq

166 1537 208 1567 “
233 1550 371 1591 nere
394 1554 605 1595 eorum
630 1554 762 1611 quoe
795 1537 857 1592 in
896 1533 1066 1593 illum
1108 1533 1556 1593 admisissenti‘·
1613 1538 1694 1593 Et
1735 1536 1856 1601 ille,
1883 1537 1986 1609 qui
2007 1536 2098 1591 ·de
2139 1536 2360 1593 oraculi

164 1626 435 1686 responso
487 1615 641 1671 nihil
682 1614 1007 1681 audiverat,
1054 1615 1267 1688 'optans
1311 1616 1433 1673 ait:
1483 1620 1525 1643 “
1551 1615 1599 1671 si
1641 1614 1774 1689 quis
1813 1610 1928 1687 ipsi
1977 1613 2142 1671 daret
2182 1631 2358 1689 agros

166 1694 209 1719 “
235 1691 433 1757 istos,”
500 1693 869 1763 (nominabat
922 1690 1141 1766 nempe
1186 1693 1342 1749 cives
1392 1693 1698 1764 quosdam,
1747 1709 1892 1765 quas
1947 1700 2189 1749 noverat
2239 1694 2360 1748 duo

164 1768 510 1839 pulcerrima
528 1770 855 1844 Apolloniae
879 1770 1093 1842 praedia
1112 1770 1405 1844 possidere
1428 1769 1476 1838 ε)
1499 1776 1540 1799 “
1559 1778 1618 1825 et
1642 1770 1792 1825 aedes
1811 1770 2052 1842 insuper
2071 1770 2132 1826 in
2153 1771 2361 1836 urbe,'’

164 1862 297 1917 quas
337 1858 591 1905 noverat
640 1849 739 1905 iile
784 1844 1161 1921 pulcer-rimas
1202 1865 1327 1905 esse
1346 1872 1363 1917 3
1410 1854 1454 1878 “
1486 1848 1671 1915 haec,’'
1725 1848 1941 1921 inquit,
1987 1854 2028 1878 “
2058 1851 2108 1903 si
2155 1858 2361 1905 nactus

76 1928 90 1935 “
165 1928 203 1955 “
228 1923 549 1993 missen-in
571 1933 873 2001 posterum
898 1944 959 1981 se
984 1943 1101 1981 non
1141 1927 1425 1983 iraturum
1454 1943 1584 1981 esse
1608 1926 1852 1991 civibus,
1877 1925 1978 1981 sed
2004 1923 2110 1983 hac
2139 1926 2364 1983 mulcta.

166 2006 207 2032 ‘⁸
231 2002 353 2061 fore
376 2007 787 2063 contentum.''
871 2005 1021 2066 Quas
1046 2004 1147 2060 ubi
1174 2003 1273 2061 ille
1300 2004 1470 2072 dixit,
1501 2004 1826 2061 adsidentes
1855 2004 1910 2059 ei
1935 2005 2091 2059 cives
2119 2021 2361 2079 respon-

164 2078 392 2139 derunt:
468 2089 512 2116 “
541 2082 786 2149 Euenie,
838 2081 993 2137 hanc
1041 2081 1348 2149 mulctam,
1390 2100 1462 2137 ex
1509 2083 1728 2139 oraculi
1779 2100 2076 2155 responsu,
2122 2083 2362 2142 solvunt

166 2162 205 2189 “
234 2159 335 2215 tibi
366 2160 765 2234 Apolloniatae
792 2178 897 2234 pro
922 2156 994 2217 εὖ
1020 2160 1179 2235 quod
1220 2169 1279 2217 te
1323 2161 1651 2216 luminibus
1697 2161 2062 2232 privarunt.”
2141 2160 2223 2216 Et
2261 2160 2364 2218 ine

164 2237 408 2308 quidem,
437 2246 755 2313 postquam
785 2256 909 2295 rem
936 2245 1123 2295 totam
1150 2239 1455 2311 cognovit,
1486 2237 1791 2310 aegerrime
1832 2236 1970 2291 tulit
2009 2254 2070 2291 se
2111 2237 2196 2291 ita
2234 2254 2360 2293 esse

163 2314 661 2375 circumventum:
704 2317 1099 2385 Apolloniatae
1144 2333 1283 2371 vero
1326 2332 1415 2381 ea,
1444 2332 1577 2387 quae
1621 2314 1720 2369 ille
1761 2322 2087 2387 optaverat,
2117 2324 2276 2371 emta
2323 2333 2360 2375 a

164 2391 429 2462 dominis,
482 2396 535 2451 ei
580 2394 883 2453 dederunt.
977 2393 1251 2450 Protinus
1290 2401 1491 2449 autem
1539 2392 1614 2449 ab
1659 2392 1770 2448 hoc
1809 2400 2072 2464 tempore
2121 2392 2358 2449 insitam

164 2470 457 2529 divinandi
502 2463 625 2530 vim
668 2480 727 2529 et
770 2490 933 2529 sacra
969 2470 1387 2544 interpretandi
1428 2469 1585 2528 idem
1611 2468 1878 2527 Euenius
1926 2470 2151 2537 habuit,
2181 2472 2266 2527 ita
2296 2478 2358 2527 ut

163 2546 266 2605 hoc
287 2552 535 2607 nomine
558 2550 803 2609 celebris
830 2551 1097 2609 evaserit.
1157 2553 1165 2561 “

227 2631 321 2685 95.
360 2625 573 2699 Huius
598 2630 783 2704 igitur
808 2628 1021 2685 Euenii
1047 2627 1203 2686 filius
1227 2629 1596 2701 DeiphonuS,
1623 2628 1912 2685 adductus
1944 2647 1978 2683 a
2006 2629 2354 2697 Corinthiis,

159 2721 453 2764 sacrorum
484 2708 765 2780 interpres
793 2707 909 2764 fuit
930 2707 1087 2779 apud
1114 2708 1273 2763 hunc
1315 2710 1662 2764 exercitum.
1743 2707 1955 2761 Audivi
1990 2725 2128 2763 vero
2156 2706 2358 2774 etiam,

162 2785 421 2849 eumdem
450 2785 853 2863 Deiphonum,
880 2792 1163 2858 usurpato
1190 2784 1407 2841 Euenii
1432 2786 1690 2849 nomine,
1715 2783 1930 2839 obiisse
1958 2784 2268 2853 Graeciam,
2299 2797 2360 2842 et

162 2862 377 2933 passim
390 2882 634 2939 operam
660 2881 829 2920 suam
853 2864 1093 2934 locasse,
1122 2880 1307 2935 quum
1336 2880 1455 2919 non
1485 2864 1692 2941 fuisset
1719 2861 1942 2917 Euenii·
1962 2861 2133 2917 filius.

235 2945 326 2998 96.
364 2941 581 3009 Graeci,
612 2950 683 2999 ut
719 2941 1089 3015 perlitarunt,
1118 2958 1299 2999 naves
1338 2958 1412 2997 ex
1456 2941 1610 2997 Deio
1636 2942 1708 2995 ad
1736 2940 1962 2994 Samum
2002 2948 2350 3011 moverunt3

163 3025 219 3073 et
242 3028 555 3093 postquam
582 3019 655 3077 ad
686 3021 959 3077 Calamos
986 3028 1296 3086 venerunt,
1327 3027 1494 3075 terrae
1521 3016 1728 3075 Samiae
1750 3014 1945 3073 locum
1978 3018 2060 3073 ita
2081 3020 2356 3075 nomina-

162 3106 304 3165 tum,
344 3099 427 3155 ibi
466 3116 651 3173 prope
688 3098 943 3155 Junonis
983 3099 1298 3170 templum,
1326 3098 1485 3171 quod
1525 3114 1598 3153 eo
1637 3094 1752 3151 loci
1775 3103 1885 3160 est,
1915 3095 2272 3169 adpulerunt
2296 3105 2358 3153 et
2464 3141 2476 3152 ,

161 3174 229 3229 ad
252 3177 527 3233 navalem
568 3192 829 3250 pugnam
856 3193 919 3231 se
944 3184 1372 3250 compararunt.
1451 3176 1528 3231 At
1553 3174 1766 3239 Persae,
1796 3173 1898 3231 ubi
1936 3173 2070 3231 illos
2111 3175 2356 3231 adnavi-

159 3267 295 3326 gare
320 3255 705 3321 resciverunt,
736 3254 847 3327 ipsi
874 3271 1109 3327 quoque
1146 3270 1329 3311 naves
1368 3259 1728 3323 moverunt3
1772 3258 1831 3307 et
1857 3260 2090 3307 caeteras
2118 3252 2358 3327 quidem

160 3330 545 3389 admoverunt
570 3329 923 3399 continenti,
952 3330 1302 3389 Phoenicum
1330 3348 1470 3389 vero
1498 3347 1677 3387 naves
1717 3337 1785 3385 ut
1824 3329 2050 3386 abirent
2076 3332 2358 3404 permise-

160 3417 305 3467 runt.
390 3408 875 3469 Deliberantibus
914 3411 1129 3484 quippe
1170 3411 1363 3467 visum
1406 3415 1554 3476 erat,
1598 3424 1802 3485 pugna
1841 3408 2030 3465 navali
2073 3426 2191 3465 non
2232 3427 2358 3467 esse

158 3485 611 3555 decernendum,
657 3506 770 3545 neo
806 3488 972 3545 enim
1010 3506 1073 3545 se
1116 3488 1337 3545 Graecis
1378 3504 1540 3563 pares
1579 3503 1704 3545 esse
1743 3486 2184 3543 existimabant.
2264 3488 2356 3547 Ad

159 3567 558 3625 continentem
584 3574 783 3625 autem
811 3567 1191 3642 navigarunt,
1218 3583 1337 3639 quo
1379 3572 1568 3623 essent
1609 3564 1720 3621 sub
1761 3560 2042 3636 pedestris
2059 3566 2356 3625 exercitus

158 3644 249 3699 sui
287 3644 602 3713 tutamine,
630 3644 733 3719 qui
773 3644 835 3700 in
870 3644 1105 3719 Mycale
1143 3652 1289 3711 erat,
1313 3660 1534 3715 nempe·
1555 3640 1728 3713 jussu
1766 3640 1978 3701 Xerxis
2019 3643 2091 3699 de
2130 3641 2355 3717 reliquo

156 3722 418 3791 exercitu
439 3722 527 3781 ibi
550 3722 943 3791 custodiendas
963 3720 1149 3779 Ionioe
1171 3739 1378 3779 caussa
1397 3722 1652 3779 relictus.
1705 3716 2020 3795 Sexaginta
2041 3721 2356 3781 hominum

158 3799 347 3855 millia
368 3809 565 3868 erant,
592 3801 809 3875 quibus
832 3801 1121 3875 Tigranes
1164 3806 1427 3873 praeerat,
1452 3798 1546 3856 vir
1569 3807 1630 3857 et
1653 3797 1847 3856 forma
1870 3806 1931 3853 et
1955 3804 2179 3854 statura
2203 3799 2355 3855 emi-

154 3888 319 3935 nens.
400 3873 604 3949 Huius
629 3879 813 3956 igitur
838 3878 953 3937 sub
976 3878 1263 3937 exereitus
1290 3886 1558 3935 tutamen
1595 3894 1660 3933 se
1698 3878 1948 3949 recipere
1967 3874 2357 3939 ,decreverunt

156 3953 333 4011 duces
358 3956 585 4023 classis,
614 3974 909 4031 navesque
944 3955 1008 4013 in
1048 3962 1267 4013 terram
1304 3954 1652 4021 subducere,
1693 3961 1752 4011 et
1791 3952 1946 4009 vallo
1973 3953 2354 4023 circumdare,

160 4032 313 4105 quod
340 4035 523 4091 simul
548 4036 985 4093 munimentum
1012 4032 1261 4093 navibus
1286 4040 1348 4090 et
1371 4032 1814 4107 sibi-refugium
1840 4036 2012 4087 esset.

236 4115 329 4175 97.
369 4111 507 4173 Hoc
542 4113 695 4173 inito
734 4113 979 4173 consilio
1020 4110 1269 4188 profecti
1316 4120 1457 4175 sunt
1504 4112 1730 4179 Persae,
1777 4125 2077 4185 quumque
2118 4118 2353 4187 praeter-

1212 4194 1250 4246 3
1278 4207 1319 4245 κ.
