2925 4992
574 339 693 419 squ
1105 334 1605 395 Haaono‘rt
1666 334 2038 396 ms'roR.
2091 336 2232 396 vn.

579 502 622 529 “
649 512 941 573 praecones
968 506 1028 551 et
1055 496 1322 561 nuncios,
1350 502 1410 551 et
1439 496 1555 552 alia
1580 497 1783 570 quavis
1826 494 2047 553 ratione
2086 495 2303 567 potius,
2330 512 2505 569 quam
2542 496 2732 571 pmlio,

580 574 784 630 “lites
813 592 949 631 suas
976 590 1360 648 componere:
1405 576 1493 630 sin
1532 576 1777 631 omnino
1820 574 2020 649 praelio
2060 572 2169 629 sibi
2210 575 2623 633 decernendum
2646 594 2738 651 pu-

579 660 622 685 “
653 661 807 723 tant,
842 654 1148 728 oportebat
1187 654 1384 709 locum
1432 671 1649 729 pugnae
1690 672 1915 729 capere,
1958 653 2019 707 in
2064 670 2182 725 quo
2224 656 2458 729 utrique
2498 663 2741 729 super-atu

583 736 628 765 “
655 740 848 801 essent
874 732 1224 797 difficillimi,
1255 740 1314 788 et
1339 732 1422 787 ibi
1455 734 1592 787 belli
1619 732 1924 789 fortunam
1954 738 2195 787 tentare.
2274 733 2559 794 Quamvis
2584 734 2741 807 igitur

581 816 624 843 “
655 820 776 869 tam
807 812 1128 883 perniciosa
1157 812 1384 866 ratione
1411 811 1549 866 belli
1577 810 1817 885 gerendi
1843 819 2087 867 utantur
2110 810 2319 876 Graeci,
2349 822 2566 878 tamen,
2588 828 2745 884 quum

579 894 628 929 θ’
653 906 768 965 ego
794 906 982 963 usque
1023 890 1083 945 in
1109 888 1521 946 Macedoniam
1552 892 1854 961 duxissem
1880 890 2223 955 exercitum,
2256 906 2377 945 non
2418 892 2747 946 induxerunt

583 970 630 1001 “
658 968 718 1025 in
749 968 1013 1023 animum
1043 976 1112 1024 ut
1135 969 1196 1023 in
1223 968 1403 1023 aciem
1433 976 1635 1025 contra
1665 986 1761 1024 me
1786 967 2217 1024 descenderent.
2288 974 2343 1026 9.
2371 973 2427 1024 3.
2454 965 2585 1025 Tibi
2610 972 2745 1043 vero,

586 1054 628 1079 “
661 1048 810 1112 Rex,
839 1048 969 1120 quis
1011 1064 1260 1102 ausurus
1290 1052 1379 1101 est
1420 1048 1480 1101 in
1523 1047 1705 1103 aciem
1746 1064 2065 1112 occurrere,
2095 1046 2537 1103 multitudinem
2574 1050 2750 1103 navesss

585 1132 630 1157 “
658 1142 771 1199 que
797 1138 1044 1181 cunctas
1071 1143 1144 1181 ex
1170 1128 1438 1181 universa
1463 1125 1603 1181 Asia
1628 1134 1856 1183 coactas
1882 1126 2159 1181 ducenti?
2198 1124 2491 1199 Equidem
2534 1128 2612 1182 ita
2636 1142 2750 1182 sen-

587 1211 630 1237 “
660 1206 766 1271 tic,
797 1222 866 1260 eo
893 1205 1150 1260 andaciae
1179 1222 1300 1260 non
1326 1220 1765 1280 progressuram
1792 1222 1916 1260 esse
1956 1220 2079 1259 rem
2108 1204 2466 1261 Graecorum.
2546 1204 2639 1261 Sin
2674 1209 2753 1259 m'e

587 1290 630 1315 “
659 1283 933 1340 fefellerit
975 1300 1103 1339 mea
1143 1281 1369 1357 opinio,
1397 1284 1446 1338 si
1494 1284 1579 1339 illi
1604 1283 1873 1339 vecordia
1896 1283 2035 1338 elati
2074 1283 2135 1338 in
2166 1285 2347 1340 aciem
2374 1284 2641 1340 adversus
2663 1300 2751 1337 nos

585 1370 634 1397 “
660 1369 794 1418 sunt
820 1362 1178 1425 descensuri,
1204 1362 1509 1418 didicerint
1534 1380 1659 1419 esse
1686 1380 1791 1418 nos
1822 1364 1972 1417 viros
2002 1360 2157 1417 bello
2181 1363 2549 1419 fortissimos
2586 1363 2755 1424 Quare

587 1448 630 1475 “
660 1442 1016 1498 intentatum
1049 1440 1194 1496 nihil
1225 1441 1661 1515 relinquamusx
1698 1458 1833 1499 nam
1864 1458 1969 1496 sua
1994 1449 2202 1512 sponte
2230 1442 2382 1497 nihil
2410 1441 2501 1509 fit,
2530 1440 2622 1497 sed
2648 1457 2756 1495 om-

588 1528 632 1553 “
665 1521 760 1576 nia
789 1519 1129 1585 hominibus
1153 1520 1420 1575 conando
1441 1520 1848 1595 contingunt.”
1914 1519 1985 1575 In
2014 1518 2176 1575 hunc
2202 1520 2445 1577 modum
2475 1527 2755 1596 postquam

587 1598 814 1656 Xerxes
843 1601 1193 1655 sententiam
1217 1598 1567 1655 Mardonius
1596 1598 1872 1664 mollivit,
1900 1598 2131 1654 dicendi
2160 1598 2337 1655 finem
2364 1600 2525 1655 fecit.

681 1686 765 1734 lo.
807 1678 1123 1734 Silentium
1159 1678 1497 1733 tenentibus
1538 1678 1760 1735 caeteris
1786 1676 1996 1742 Persis,
2026 1693 2137 1731 nec
2168 1679 2525 1735 audentibus
2551 1684 2755 1735 senten-

589 1759 734 1814 tiam
765 1774 1034 1830 promere
1067 1754 1417 1812 contrariam
1445 1759 1498 1811 ei
1528 1774 1659 1830 quae
1700 1756 1993 1829 proposita
2018 1762 2163 1818 erat,
2192 1758 2511 1813 Artabanus
2536 1757 2757 1830 Hystas-

591 1834 682 1910 pis
721 1836 898 1900 filius,
931 1844 1168 1909 patruus
1200 1834 1434 1901 Xerxis,
1464 1853 1647 1909 eoque
1684 1835 1952 1891 fidentior
1990 1835 2117 1889 haec
2156 1835 2298 1891 fecit
2336 1836 2533 1893 verba.
2615 1840 2691 1890 10.
2718 1838 2759 1889 1.

592 1924 634 1948 “
665 1914 830 1971 Rex!
863 1914 970 1972 nisi
994 1915 1296 1970 sententiae
1321 1914 1492 1969 dictae
1519 1914 1729 1970 fuerint
1756 1913 2003 1970 invicem
2033 1915 2338 1986 oppositoe,
2358 1916 2487 1971 fieri
2512 1932 2623 1972 non
2650 1920 2759 1987 pot·

593 2001 636 2029 ‘⁸
666 2003 754 2049 est
787 2000 855 2048 ut
890 1992 1144 2067 eligatur
1183 1992 1442 2065 optima:
1488 1994 1585 2048 sed
1626 1994 1743 2049 illae
1787 1993 1834 2047 si
1879 1992 2050 2050 dictae
2092 1995 2327 2060 fue-rint,
2358 2002 2508 2051 tunc
2550 1994 2762 2049 demum

593 2080 638 2107 “
667 2072 791 2128 fieri
833 2078 1060 2144 potest3
1107 2071 1603 2144 quemadmodum
1647 2068 1937 2128 sincerum
1964 2090 2172 2129 aurum
2214 2090 2330 2128 non
2374 2090 2484 2146 per
2508 2089 2569 2127 se
2594 2074 2761 2144 ipsum

595 2158 641 2185 “
671 2150 1108 2225 dignoscimus;
1155 2149 1278 2215 sed,
1305 2148 1449 2205 dum
1492 2150 1639 2205 illud
1674 2149 1889 2224 (Lydio
1930 2150 2138 2224 lapidi)
2165 2148 2337 2223 juxta
2377 2150 2540 2207 aliud
2582 2166 2763 2206 aurum

595 2236 642 2263 “
669 2228 1010 2292 adterimuS,
1041 2229 1123 2283 ita
1149 2228 1207 2285 id
1235 2228 1388 2303 quod
1424 2228 1635 2285 melius
1676 2237 1764 2286 est
1802 2230 2204 2287 discernimus.
2284 2230 2419 2305 Ego
2448 2247 2587 2285 vero
2610 2228 2764 2284 etiam

593 2317 637 2343 “
665 2308 818 2383 patri
845 2314 951 2363 tuo
980 2306 1185 2373 Dat-ie,
1213 2325 1346 2363 meo
1375 2306 1563 2373 fratri,
1590 2324 1880 2365 suaseram
1912 2326 1983 2363 ne
2026 2309 2248 2365 bellum
2272 2306 2505 2384 Scythis
2528 2308 2760 2374 inferret,

596 2396 638 2422 “
665 2386 1014 2445 hominibus
1043 2404 1330 2460 nusquam
1361 2385 1563 2442 urbem
1608 2387 2003 2443 incolentibus
2028 2403 2044 2442 ε
2088 2397 2149 2444 at
2174 2388 2296 2454 ille,
2327 2390 2565 2462 sperans
2593 2404 2650 2443 se
2678 2402 2766 2439 no·

595 2474 642 2503 “
673 2465 872 2523 mades
902 2466 1044 2521 istos
1073 2465 1312 2540 Scythas
1340 2466 1747 2534 subacturum,
1774 2465 1918 2522 mihi
1961 2484 2080 2522 non
2122 2467 2313 2541 paruit
2338 2493 2353 2536 3
2400 2467 2526 2533 sed,
2556 2462 2767 2538 expedi·
2872 2502 2874 2509 .

595 2553 638 2580 “
669 2546 832 2602 tione
859 2552 1148 2617 suscepta,
1179 2545 1404 2600 amissis
1435 2545 1639 2601 multis
1666 2545 1917 2601 fortibus
1940 2542 2079 2601 viris
2110 2546 2293 2602 rediit.
2334 2546 2431 2602 Tu
2458 2562 2617 2612 vero,
2642 2543 2768 2607 Rex,

595 2633 641 2659 ‘⁶
673 2624 892 2689 bellum
922 2620 1190 2693 illaturus
1220 2640 1281 2679 es
1306 2623 1445 2678 viris
1478 2624 1571 2679 vel
1592 2624 1781 2680 multo
1810 2640 1986 2698 quam
2019 2623 2249 2698 Scythae
2276 2622 2769 2698 proestantioribus,
2872 2616 2874 2641 ³

595 2712 640 2739 “
671 2702 774 2777 qui
827 2711 885 2757 et
932 2710 1087 2756 terra
1137 2710 1197 2757 et
1251 2703 1396 2757 mari
1439 2702 1742 2759 fortissimi
1796 2720 1921 2759 esse
1968 2703 2266 2760 dicuntur.
2345 2703 2491 2763 Quo
2542 2704 2603 2759 in
2646 2717 2767 2756 con-

592 2789 638 2817 “
672 2782 806 2837 silio
849 2781 1143 2855 quodnam
1193 2780 1336 2851 insit
1390 2782 1737 2854 periculum,
1791 2798 2026 2855 aequum
2076 2792 2165 2839 est
2215 2790 2284 2839 ut
2329 2783 2443 2839 tibi
2488 2798 2768 2855 exponam.

597 2868 642 2895 “
677 2864 768 2916 10.
797 2862 853 2928 2.
895 2859 1132 2932 Junct0,
1162 2859 1265 2925 ais,
1295 2858 1705 2933 Hellesponto,
1736 2860 2054 2917 ducturum
2092 2869 2153 2918 te
2192 2855 2317 2919 esse
2356 2878 2466 2935 per
2496 2860 2769 2933 Europam

599 2947 646 2975 “
673 2938 991 2995 exercitum
1029 2938 1088 2994 in
1115 2938 1420 2994 Graeciam.
1499 2940 1679 3013 Atqui
1715 2939 1988 2995 acciderit
2030 2941 2229 3007 etiam,
2258 2948 2329 2997 ut
2370 2940 2469 2997 vel
2510 2948 2660 2995 terra
2694 2935 2770 2991 vel

599 3027 644 3053 ‘⁶
673 3018 821 3079 mari
861 3018 1186 3086 vincamur,
1224 3028 1327 3072 aut
1365 3018 1541 3073 etiam
1586 3018 1899 3092 utrimque.
1982 3018 2271 3075 Dicuntur
2313 3020 2473 3075 enim
2514 3018 2687 3075 fortes
2722 3009 2771 3069 hi
2870 3032 2872 3035 ⁴

597 3105 645 3133 “
676 3114 802 3153 esse
826 3096 973 3152 viri:
1021 3113 1088 3151 ac
1129 3104 1323 3170 potest
1347 3097 1406 3166 id
1435 3098 1613 3152 etiam
1652 3098 1800 3153 hinc‘
1830 3095 2126 3165 aestimari,
2163 3098 2318 3172 quod
2348 3081 2550 3153 tanffas
2577 3094 2771 3169 eopiaS,

595 3184 639 3210 “
667 3186 901 3254 quanta}
941 3192 1079 3247 cum
1106 3174 1247 3230 Dati
1275 3183 1334 3231 et
1362 3176 1725 3248 Artapherne
1752 3176 2043 3231 Graeciam
2077 3178 2441 3243 invaserunt,
2470 3177 2580 3233 soli
2611 3174 2769 3231 Athe-

599 3260 643 3289 “
675 3257 902 3313 nienses
931 3254 1323 3325 perdiderunt.
1403 3254 1578 3314 Quod
1608 3254 1658 3310 si
1690 3270 1806 3309 non
1835 3256 2129 3329 utrimque
2158 3272 2247 3311 res
2272 3256 2393 3312 illis
2420 3252 2771 3318 suceesserit3

600 3342 648 3367 “
677 3341 740 3390 at
769 3332 875 3389 hoc
915 3350 1054 3397 sane
1088 3332 1404 3389 verendum
1446 3341 1559 3399 est,
1592 3351 1667 3389 ne
1692 3335 2023 3389 conscensis
2064 3334 2329 3399 navibuS,
2360 3352 2571 3410 pugna
2606 3327 2776 3388 navali

584 3408 646 3446 '“
675 3414 1021 3487 superiores,
1079 3408 1364 3486 navigent
1411 3411 1471 3468 in
1525 3412 2003 3486 Hellespontum,
2052 3421 2113 3469 et
2163 3422 2407 3486 pontem
2460 3411 2773 3469 dissolvant.

596 3498 640 3524 “
678 3498 764 3548 10.
791 3496 846 3561 3.
889 3490 1022 3563 Ego
1044 3507 1182 3545 vero
1209 3506 1329 3545 non
1361 3508 1493 3545 mea
1519 3491 1769 3565 quadam
1800 3492 2033 3566 propria
2056 3492 2369 3565 prudentia
2396 3492 2526 3548 haec
2551 3492 2634 3547 ita
2656 3504 2772 3545 con·

592 3578 636 3603 “
659 3570 822 3642 jicio,
905 3569 1016 3623 Sed
1044 3570 1230 3643 qualis
1266 3569 1505 3625 tandem
1544 3570 1661 3627 fuit
1700 3570 1803 3624 illa
1844 3572 2165 3635 calamitas,
2197 3587 2331 3644 quae
2368 3588 2582 3645 parum
2610 3564 2773 3623 abfflit
2868 3596 2870 3599 <

599 3658 642 3683 “
673 3657 744 3706 ut
788 3665 895 3706 nos
923 3646 1248 3723 adfligeret,
1275 3666 1458 3725 quum
1506 3658 1667 3722 paler
1692 3658 1852 3718 tuus,
1872 3646 2081 3719 juncto
2110 3651 2374 3723 Bosporo
2399 3647 2701 3711 Thracico,
2726 3650 2773 3698 et

589 3736 640 3762 '“
665 3737 851 3804 ponte
890 3744 1065 3800 super
1093 3727 1311 3783 Istrum
1356 3727 1571 3800 posito,
1600 3728 1945 3800 Scytharum
1977 3730 2037 3784 in
2070 3740 2284 3785 terram
2328 3727 2599 3785 transiit!
2642 3726 2770 3780 om·.

597 3814 643 3845 “
673 3809 848 3865 nibus
887 3806 1079 3883 modis
1123 3816 1263 3873 tunc
1291 3805 1521 3876 Scythae
1545 3806 1718 3863 Ionas
1760 3807 1915 3871 illos,
1944 3806 2157 3882 quibus
2184 3808 2502 3864 commissa
2542 3813 2663 3863 erat
2686 3820 2772 3871 cu·

598 3894 644 3920 “
675 3886 866 3944 stodia
890 3886 1160 3960 pontium
1187 3885 1338 3939 Istro
1367 3885 1800 3957 impositorum,
1820 3886 2205 3959 solicitarunt,
2224 3895 2294 3942 ut
2322 3894 2564 3960 pontem
2586 3881 2775 3940 resciae

597 3972 642 3998 “
671 3964 892 4021 derent.
976 3963 1096 4020 Ubi
1135 3962 1182 4018 si
1209 3962 1512 4031 Histiaeus,
1542 3964 1738 4020 Mileti
1775 3974 2077 4039 tyrannus,
2109 3964 2468 4039 reliquorum
2508 3972 2772 4039 tyranno·

598 4050 644 4077 “
675 4062 805 4102 rum
833 4050 1066 4098 secutus
1095 4049 1244 4098 esset
1283 4044 1657 4111 sententiam,
1689 4060 1880 4117 neque
1917 4062 1978 4101 se
2006 4044 2093 4099 illi
2130 4044 2519 4117 opposuisset,
2548 4040 2772 4097 omnino
2866 4074 2868 4079 -

599 4128 646 4155 “
675 4121 914 4196 perditae
940 4130 1105 4177 erant
1135 4138 1226 4176 res
1255 4120 1582 4178 Persarum.
1663 4120 1952 4179 Terribile
1990 4130 2079 4179 est
2118 4130 2313 4179 autem
2344 4123 2441 4178 vel
2480 4120 2658 4176 fando
2683 4132 2773 4172 au-

596 4207 640 4251 f‘
668 4201 814 4278 dire,
843 4200 904 4277 in
930 4200 1108 4275 unius
1137 4199 1397 4274 huminis
1437 4207 1728 4290 potestate
1754 4202 1929 4277 sitam
1968 4202 2153 4271 fuisse
2177 4200 2519 4266 universam
2548 4196 2695 4290 regit
2724 4198 2774 4265 el,
