2925 4992
608 284 735 345 nso
1178 258 1690 343 uaaonon
1749 274 2121 343 ffls‘ron.
2179 284 2252 341 v.

688 447 783 501 10.
822 439 1080 501 Narrant
1104 438 1342 515 quidem
1370 436 1659 509 Thraces,
1687 458 1818 515 apes
1841 458 2130 515 occupare
2169 449 2352 499 terras
2376 442 2536 509 trans
2555 438 2766 513 Istrum,

602 538 787 595 caque
814 537 1021 577 caussa
1048 537 1173 577 non
1204 537 1375 595 posse
1404 518 1672 593 homines
1698 520 1943 579 ulterius
1969 518 2269 597 ¹progredi.
2348 520 2496 586 Quae
2520 520 2651 578 mihi
2673 539 2759 595 pa-

599 618 737 660 tum
780 598 1163 677 probabiliter
1203 596 1299 666 ab,
1324 598 1414 655 his
1455 598 1568 658 dici
1611 598 1920 669 videntur,
1965 600 2250 673 quoniam
2292 607 2522 669 constat
2562 598 2764 677 frigoris

602 674 956 753 inpatientes
985 694 1109 734 esse
1139 676 1279 739 istas
1314 674 1632 735 bestiolasz
1673 677 1778 747 sed,
1812 686 2050 751 propter
2074 676 2262 755 frigus
2292 675 2620 753 inhabitatae
2642 678 2762 735 mihi

602 757 879 815 videntur
906 773 1030 818 esse
1060 755 1324 830 regiones
1352 755 1468 821 sub
1501 756 2015 831 septemtrionibus
2042 756 2186 826 sitae.
2268 738 2416 813 Haec
2449 764 2594 825 sunt,
2611 757 2764 833 igitur

600 853 733 910 quae
757 834 831 893 de
857 835 967 890 hac
995 834 1237 909 regione
1266 845 1686 891 memorantur.
1772 836 2067 891 Caeterum
2108 834 2476 907 maritimum
2502 834 2644 909 illius
2667 840 2761 891 tra-

599 924 789 981 ctum,
816 921 885 971 ut
910 930 1088 989 supra
1110 912 1255 979 dixi,
1280 912 1647 989 Megabazus
1673 914 1785 987 sub
1811 913 2120 983 Persarum
2151 912 2288 979 rede
2332 913 2387 985 ἰῷλ
2403 922 2738 986 potestatem.

686 996 775 1051 11.
814 990 1063 1048 Damus
1091 991 1442 1065 simulatque
1473 988 1714 1063 trajecto
1741 990 2135 1067 Hellesponto
2163 929 2667 1071 Sar-‹fissperyeniss
2692 1011 2761 1051 re·

599 1070 873 1129 cordatus
902 1078 991 1125 est
1032 1069 1295 1130 beneficii
1339 1071 1413 1128 ab
1444 1068 1694 1139 Histiaeo
1722 1070 1958 1139 Milesio
2003 1070 2063 1143 in
2091 1070 2398 1144 secolfafi,
2429 1072 2488 1127 et
2515 1070 2763 1149 consiliis

594 1148 941 1225 Mitylenaeo
971 1149 1091 1205 Coe
1118 1148 1258 1207 dati.
1340 1146 1549 1223 Itaque
1587 1150 1676 1218 liis
1708 1148 1914 1205 Sardes
1954 1149 2244 1219 arcessitis
2285 1142 2594 1225 optionem
2616 1149 2763 1217 dedit.
2859 1194 2861 1225 s

596 1226 677 1285 Et
704 1228 994 1289 Histiaeus
1032 1228 1296 1301 quidem,
1326 1235 1534 1303 utpote
1563 1226 1760 1297 Mileti
1801 1235 2105 1303 tyrannus,
2138 1214 2364 1297 nullam
2408 1228 2532 1285 sibi·
2565 1229 2762 1303 insuper

598 1306 967 1396 tyrannidem
1004 1304 1359 1381 postulavit:
1408 1307 1576 1381 peti-it
1616 1324 1753 1365 vero
1793 1298 2131 1381 Myreinum
2175 1290 2530 1377 Edonidem‚
2560 1304 2760 1381 cupiens
2859 1334 2861 1339 ·

590 1405 659 1459 jn
687 1404 757 1443 ea
781 1384 989 1443 urbem
1022 1385 1295 1449 condere,
1370 1385 1546 1443 Hane
1581 1385 1765 1461 igitur
1790 1385 1892 1453 hic,
1914 1385 2157 1457 optavit.
2239 1384 2574 1461 Cooeyero,
2603 1383 2764 1459 utqui

596 1484 714 1535 uon
745 1472 1051 1541 tyrannus,
1071 1464 1169 1521 sed
1200 1464 1463 1539 privatus
1492 1473 1662 1531 esset,
1687 1463 1857 1537 petiit
1877 1462 2184 1539 Mitylenae
2209 1462 2594 1538 tyran-uidem,
2643 1463 2763 1535 ‘Im’

598 1552 827 1620 petrato
854 1549 1101 1617 uterque
1128 1543 1283 1617 quod
1312 1548 1644 1617 optaverat,
1673 1559 1743 1597 eo
1771 1560 1832 1597 se
1861 1542 2125 1599 contulit.

679 1627 770 1681 12.
811 1621 1079 1679 Posthaee
1106 1621 1305 1679 oblatu
1334 1622 1518 1679 Dario
1543 1629 1630 1679 est
1659 1638 1749 1681 res
1775 1621 2067 1696 quasdam,
2093 1638 2208 1695 qua
2231 1602 2543 1697 conspecta
2565 1620 2764 1679 incessit

592 1720 731 1764 eum
761 1699 975 1775 cupido
1003 1700 1320 1758 mandandi
1346 1701 1706 1775 MegabazO,
1733 1708 1802 1757 ut
1827 1699 2062 1769 Paeonas,
2080 1700 2365 1773 subigeret,
2397 1708 2453 1770 et
2480 1719 2546 1757 ea·
2571 1700 2763 1773 Europa

518 1806 523 1811 ·
590 1784 650 1855 in
676 1783 870 1837 Asia-m
897 1779 1196 1845 abstractos
1223 1782 1479 1841 mitteret.¹
1554 1778 1680 1837 Res
1707 1796 1776 1833 ea
1805 1774 2142 1851 hujusmodi
2169 1778 2308 1845 fuit,
2381 1778 2570 1849 Erant
2591 1778 2764 1855 Pigres

593 1864 657 1920 et
680 1858 979 1933 MantyaS‚
1007 1858 1119 1913 viri
1148 1858 1393 1916 Paeones
1414 1874 1435 1913 z
1475 1858 1602 1933 qui,
1641 1865 1956 1931 postquam
1985 1856 2202 1917 Darius
2233 1857 2294 1913 in
2327 1854 2526 1933 Asiam
2552 1852 2765 1928 trajece-

593 1945 706 2005 rat,
736 1937 1041 2015 cupientes
1064 1936 1175 2010 ipsi
1198 1935 1565 2011 ‚tyrannidem
1595 1953 1878 2009 occupare
1907 1934 2183 2003 Paeoniae,
2216 1936 2426 1993 Sardes
2443 1955 2664 2008 ,venere‚
2689 1953 2763 1992 se-

592 2034 738 2077 cum
762 2015 1041 2072 ducentes
1068 2032 1351 2080 sororem,
1374 2032 1660 2089 maguam
1689 2020 1934 2077 statura,
1955 2021 2014 2069 et
2040 2013 2234 2070 forma
2262 2023 2650 2087 praestantem.
2693 2012 2762 2071 1·Ῑὶ

590 2092 901 2167 pbservato
932 2101 1195 2167 tempore
1236 2110 1423 2167 quum
1450 2074 1666 2159 Darius
1708 2088 1771 2147 in
1801 2093 2100 2167 Lydorum
2131 2092 2426 2161 suburbio-
2455 2096 2517 2167 in
2563 2092 2764 2169 publico
2863 2120 2865 2137 ÷

592 2174 840 2239 sederet,
875 2172 1055 2229 hocce
1098 2172 1496 2230 instituerunt·
1577 2170 1870 2238 Sororem,
1905 2188 2086 2245 quam
2125 2178 2416 2246 poterant.
2439 2173 2651 2247 optime
2683 2171 2764 2229 in·
2863 2196 2865 2199 ⁴

586 2260 895 2319 structam,
924 2251 1262 2325 aquandum
1288 2251 1600 2319 miserunt,
1628 2267 1732 2307 vas
1759 2251 1820 2307 in
1853 2250 2046 2323 capite
2068 2258 2427 2327 gestantem,
2459 2270 2531 2309 ex
2556 2249 2764 2307 brachio

586 2341 724 2411 post
762 2350 824 2389 se
853 2330 1169 2390 dueentem
1196 2347 1441 2405 equum,
1463 2328 1761 2405 simulque
1787 2329 1982 2393 linum
2010 2336 2277 2387 nentem..
2351 2329 2437 2387 Ut
2466 2328 2766 2405 praeteribat

586 2410 823 2477 mulier,
852 2410 1103 2467 advertit
1130 2411 1285 2485 regis
1313 2407 1580 2468 animum
1609 2426 1624 2465 τ
1670 2407 1890 2477 etenim
1921 2424 2029 2463 nec
2057 2424 2130 2463 ex
2156 2406 2472 2467 Persarum
2487 2426 2652 2475 ,more
2673 2422 2765 2463 nec

584 2507 663 2547 ex
690 2490 995 2565 Lydorum
1022 2488 1135 2544 boc
1160 2496 1305 2555 erat,
1334 2488 1492 2563 quod
1535 2487 1638 2542 illa
1663 2486 1938 2553 faciebat,
1965 2504 2077 2543 nec
2104 2487 2281 2543 ullius
2311 2486 2550 2553 Asiatici
2587 2483 2761 2563 populi

586 2568 853 2629 moribus
876 2568 1245 2624 conveniens.
1311 2566 1507 2641 igitur
1533 2582 1724 2639 quum
1749 2583 1824 2621 ea
1846 2582 1935 2620 res
1963 2564 2223 2623 animum
2251 2566 2762 2641 mgis-advertisset,
2865 2582 2867 2639 j

584 2648 749 2707 misit
775 2646 1099 2705 satellitum
1140 2644 1484 2715 nonnullam,
1503 2638 1704 2713 jussos
1728 2643 2042 2701 observare
2069 2645 2210 2719 quid
2238 2662 2389 2719 equo
2431 2646 2637 2704 faceret
2660 2644 2763 2701 hac
2865 2676 2867 2689 2

584 2708 816 2785 inulier.
896 2722 1106 2799 Itaque
1150 2722 1214 2780 hi
1259 2741 1411 2799 pone
1454 2723 1854 2799 sequebantur
1871 2738 1896 2777 ε
1931 2722 2036 2779 illa
2080 2740 2245 2790 ver-0,
2283 2724 2388 2779 ubi
2432 2726 2504 2783 ad
2547 2724 2764 2791 fluvium

585 2805 874 2887 pervenit,
903 2804 1138 2877 aquavit
1164 2819 1401 2879 equum,
1430 2800 1639 2865 deinde
1665 2820 1802 2859 vase
1829 2818 1983 2875 aqua
2023 2803 2245 2876 repleto
2271 2802 2480 2861 eadem
2511 2805 2602 2863 via
2635 2818 2762 2877 prat·

584 2883 767 2951 teriit,
797 2900 1010 2959 aquam
1052 2899 1224 2955 super
1265 2882 1455 2955 eapite
1495 2889 1758 2961 gestans,
1789 2896 2008 2954 equum
2037 2898 2110 2939 ex
2143 2880 2390 2939 brachio
2423 2890 2560 2958 post
2583 2899 2640 2941 se
2662 2887 2764 2939 tra·-

586 2961 761 3031 hens,
792 2968 852 3019 et
880 2978 1067 3017 manu
1090 2960 1293 3035 fusum
1322 2968 1624 3035 torquens.

670 3044 765 3099 13.
804 3040 1055 3098 Miratus
1074 3034 1286 3097 Darius
1314 3056 1445 3113 quse
1472 3038 1690 3113 partim
1717 3054 1790 3094 ex
1818 3037 2284 3111 speculatoribus
2310 3040 2556 3107 audivit,
2573 3036 2762 3117 partim

587 3121 711 3197 ipse
740 3120 907 3188 vidit,
928 3115 1109 3189 jussit
1148 3135 1344 3175 coram
1381 3134 1443 3173 se
1473 3117 1686 3173 adduci
1723 3116 2051 3185 mulierem.
2130 3118 2223 3195 Ea
2260 3126 2329 3175 ut
2368 3119 2764 3197 adducebatur,

586 3198 830 3257 aderant
858 3197 1039 3255 simul
1068 3194 1454 3267 fratreseJus,
1485 3197 1585 3270 qui
1615 3194 1770 3253 haud
1807 3196 2014 3271 procul
2041 3197 2285 3265 alicubi,
2315 3198 2456 3274 quid
2500 3203 2764 3275 ageretur,

584 3277 870 3355 speculati
898 3282 1080 3333 erant.
1161 3274 1572 3351 interrogante
1612 3274 1816 3342 Dario,
1860 3272 2010 3348 cujas
2035 3276 2139 3331 illa
2165 3283 2318 3344 esset,
2363 3277 2766 3351 responderunt

573 3352 851 3429 J'uvenae,
881 3360 925 3387 “
948 3372 1075 3411 esse
1102 3370 1164 3411 se
1186 3352 1456 3421 Paeones,
1489 3352 1770 3432 illamque
1810 3370 1977 3412 suam
2019 3372 2144 3411 esse
2177 3358 2502 3423 sororem.”'
2574 3354 2766 3418 Denuo

548 3492 551 3494 Α
582 3437 907 3511 interrogat
934 3449 1038 3492 rex
1068 3454 1082 3491 ε
1132 3438 1174 3465 “
1202 3433 1443 3506 quinam
1473 3450 1614 3488 vero
1642 3432 1913 3491 homines
1941 3432 2186 3491 Paeones
2221 3435 2364 3503 sint,
2395 3444 2456 3492 et
2482 3434 2582 3492 ubi
2610 3441 2765 3490 terra-

579 3520 629 3571 32
656 3532 784 3571 rum
830 3512 1097 3576 habitent
1118 3536 1133 3583 ;
1154 3568 1157 3573 ,
1180 3508 1429 3586 denique
1471 3510 1606 3585 quid
1649 3510 1736 3567 illi
1781 3511 1897 3568 sibi
1935 3510 2150 3569 vellent
2183 3513 2337 3587 quod
2367 3512 2575 3571 Sardes
2593 3510 2764 3585 venis·

585 3598 631 3627 “
657 3599 791 3651 sent
813 3593 874 3649 ?”
916 3590 1375 3666 Responderunt
1414 3590 1522 3661 illi,
1567 3596 1614 3622 “
1643 3590 1872 3646 venisse
1910 3598 1977 3647 ut
2019 3592 2312 3650 traderent
2350 3611 2412 3649 se
2453 3593 2616 3666 regi,
2658 3604 2764 3646 esse

584 3677 630 3706 “
656 3677 857 3729 autem
884 3669 1184 3727 Paeoniam
1226 3670 1526 3745 regionem
1551 3668 1624 3733 ad
1667 3670 2050 3743 Strymonem.
2073 3670 2322 3729 fluvium
2347 3696 2364 3742 3
2413 3668 2762 3747 Strymonem

583 3756 629 3785 “
653 3769 794 3809 vero
838 3749 999 3807 haud
1036 3749 1240 3825 procul
1284 3748 1485 3805 abesse
1534 3748 1608 3803 ab
1655 3746 2082 3821 Hellesponto,
2137 3766 2274 3807 esse·
2304 3757 2505 3807 autem
2545 3749 2760 3807 Paeones

582 3836 625 3887 ‘.‘
650 3828 1017 3889 Teucrorum
1055 3845 1126 3884 ex
1165 3822 1345 3897 Troja
1385 3826 1682 3911 cplonos.”
1764 3828 1916 3891 Quae
1961 3844 2144 3902 quum
2185 3828 2272 3887 illi
2313 3828 2550 3905 singula
2580 3842 2653 3885 ex
2689 3822 2762 3883 rei

580 3909 827 3967 veritate
856 3906 1160 3971 dixissent,
1190 3905 1423 3981 rogavit
1465 3923 1588 3971 rex,
1621 3910 1666 3937 “
1695 3922 1771 3971 an
1811 3906 1990 3963 etiam
2031 3924 2233 3968 omnes
2274 3906 2356 3965 ibi
2397 3908 2665 3975 mulieres
2689 3905 2762 3961 ita

578 3994 625 4055 .“
650 3994 841 4045 essent
864 3982 1173 4043 laboriosae
1195 3986 1253 4040 ?”
1298 3984 1410 4041 Cui
1440 3982 1545 4051 illi,
1578 3989 1622 4015 “
1651 4001 1778 4039 rem·
1801 3984 1885 4040 ita
1911 3984 2187 4055 habere,”
2215 3998 2446 4061 promte
2471 3981 2759 4061 responde·

518 4132 525 4138 ,
580 4072 754 4125 runt:
797 4081 937 4121 nam
964 4083 1036 4121 ea
1062 4064 1191 4138 ipsa
1218 4079 1425 4119 caussa
1451 4062 1576 4131 haec
1605 4060 1686 4118 ita
1713 4062 2111 4131 instituerant.
2211 4128 2218 4135 ‚
2373 4128 2380 4137 ¹
2417 4124 2450 4135 Η

664 4142 759 4203 14.
799 4143 899 4203 Ibi
918 4150 1056 4202 tum
1076 4142 1157 4201 ad
1174 4141 1599 4219 Megabazum,
1629 4158 1809 4217 quem
1847 4142 1912 4201 in
1940 4141 2194 4201 Thracia
2226 4130 2532 4220 copiarum
2569 4141 2757 4211 ducem
