2925 4992
788 294 835 303 “·
898 274 1584 343 TERPSICHORE.
1727 299 1736 307 ·
2237 280 2348 336 261

176 440 299 497 vero
322 436 698 506 munerant,
728 455 847 497 non
866 436 1153 503 unanavi
1172 434 1484 497 advenisse
1507 434 1928 495 Athenienses:
1969 448 2154 497 unam
2179 435 2340 497 enim

176 534 385 585 navem,
426 526 597 593 atque
636 518 815 582 etiam
863 519 1041 592 paulo
1084 517 1283 595 plures
1320 532 1459 580 una,
1501 515 1738 573 etiamsi
1777 514 1890 574 sibi
1935 514 2122 574 nullae
2165 533 2344 575 naves

174 596 420 664 fuissent,
445 597 613 655 facile
650 615 687 653 a
724 614 787 655 se
826 597 1029 669 repelli
1069 594 1331 669 potuisse
1352 611 1371 649 ι
1412 594 1518 651 sed
1557 593 1828 667 pluribus
1847 593 2092 653 navibus
2120 602 2342 655 terram

98 730 105 737 ,
175 691 321 731 suam
346 676 647 749 adgressos
666 693 793 733 esse
809 677 1193 733 Athenienses
1214 696 1231 741 ς
1274 672 1588 749 AEginetas
1610 690 1750 729 vero
1773 674 1864 730 his
1893 674 2050 731 ultro
2073 673 2338 741 cessisse,

174 770 515 827 nec·pugnae
553 756 781 813 navalis
818 754 1029 813 adiisse
1054 748 1387 809 discrimen.
1466 750 1626 809 Illud
1667 770 1808 810 vero
1846 752 2072 825 liquido
2095 751 2344 811 definire

174 849 273 891 non
296 843 547 905 possunt,
574 843 773 891 utrum
802 853 873 889 ea
896 850 1103 891 caussa
1138 831 1436 896 cesserint,
1460 830 1620 903 quod
1645 848 1709 889 se
1745 832 1998 907 impares
2023 848 2150 889 esse
2175 848 2342 912 com:

174 910 429 969 mittendo
453 913 655 986 praelio
680 912 1122 976 intellexissent,
1150 926 1227 965 an
1250 909 1406 983 quod
1448 910 1513 967 in
1553 909 1757 965 animo
1785 910 2128 967 habuissent
2149 909 2348 967 facere

172 988 223 1045 id
254 990 437 1063 ipsum.
472 992 629 1064 quod
674 992 957 1055 fecerunt.
1036 990 1219 1047 Aiunt
1256 988 1461 1063 igitur,
1505 985 1904 1055 Athenienses,
1933 1006 2120 1064 quum
2161 1006 2342 1047 nemo

172 1066 233 1123 ad
256 1086 509 1143 pugnam
537 1080 777 1143 paratus
804 1088 865 1129 se
893 1070 1009 1127 illis
1032 1074 1383 1142 opponeret,
1410 1084 1445 1123 e
1472 1067 1720 1123 navibus
1745 1068 2136 1135 exscendisse,
2165 1078 2342 1142 atque

169 1146 261 1207 iter
282 1166 471 1207 versus
494 1158 723 1205 statuas
746 1166 873 1207 esse
898 1150 1189 1224 ingressos
1206 1162 1225 1201 z
1266 1162 1413 1219 quas
1434 1146 1540 1201 ubi
1567 1164 1600 1203 e
1629 1142 1866 1203 basibus
1905 1148 2030 1205 suis
2067 1164 2188 1205 non
2237 1164 2344 1221 po-

168 1226 387 1285 tuissent
408 1228 659 1293 auferre,
688 1228 771 1287 ita
798 1222 1189 1298 circumjectis
1222 1224 1465 1283 funibus
1503 1224 1632 1281 illas
1673 1224 1940 1291 traxisse,
1969 1225 2154 1283 donec
2179 1233 2344 1283 utra-

169 1320 263 1379 que
298 1314 508 1372 statua,
536 1308 685 1363 dum
734 1308 819 1367 ita
859 1307 1225 1371 trahebatur,
1274 1305 1544 1361 camdem
1583 1320 1704 1361 rem
1754 1303 1994 1361 fecerit:
2042 1322 2166 1361 rem
2211 1323 2342 1363 nar-

170 1393 337 1443 rantes
360 1387 501 1443 mibi
532 1386 775 1459 quidem
802 1402 917 1443 non
952 1384 1317 1449 credibilem,
1344 1382 1449 1441 sed
1491 1383 1738 1439 fortasse
1775 1383 1878 1439 alii
1915 1382 2169 1457 cuipiam
2193 1394 2225 1439 τ’
2251 1384 2344 1441 di-

168 1472 285 1518 cunt
306 1464 481 1529 enim,
512 1466 577 1521 in
604 1482 811 1539 genua
826 1462 959 1523 illas
980 1482 1181 1521 corum
1209 1462 1581 1519 trahentibus
1624 1461 2028 1533 procubuisse,
2053 1468 2232 1535 atque
2269 1480 2345 1524 ex
2395 1511 2402 1519 .

168 1538 253 1599 iilo
278 1549 531 1616 tempore
558 1540 623 1599 in
648 1544 763 1601 hoc
788 1553 947 1601 statu
970 1544 1269 1601 mansisse.
1348 1540 1500 1597 Haec
1542 1540 1729 1614 igitur
1765 1541 1841 1597 ab
1879 1539 2344 1597 Atheniensibus

168 1629 311 1691 gesta
328 1639 451 1681 esse
470 1624 647 1682 aiunt
667 1622 991 1697 AEginetae3
1036 1638 1099 1679 se
1122 1636 1287 1685 vero,
1314 1630 1628 1691 postquam
1653 1619 1724 1674 de
1749 1618 2142 1693 expeditione,
2163 1633 2346 1693 quam

168 1698 519 1759 Athenienses
570 1702 849 1758 adversus
883 1700 1173 1776 AEginam
1214 1706 1383 1755 erant
1422 1698 1766 1769 suscepturi,
1797 1698 2072 1755 certiores
2099 1697 2352 1755 fuissent

169 1776 305 1843 facti,
332 1781 581 1855 Argivos
610 1790 677 1837 ut
714 1781 828 1837 sibi
864 1788 1079 1854 praesto
1114 1784 1315 1835 essent
1341 1793 1618 1850 rogasse:
1665 1778 1908 1851 hosque,
1937 1792 2058 1849 quo
2081 1785 2348 1851 tempore

166 1857 517 1917 Athenienses
567 1860 627 1915 in
672 1860 957 1935 AEginnm
996 1857 1451 1921 exscendissent,
1495 1854 1702 1911 eodem
1745 1865 2012 1927 tempore
2049 1856 2350 1945 suppetias

168 1934 259 1991 sibi
296 1937 545 1995 ferentes
578 1937 867 2007 adfuisse3
911 1946 991 2003 et,
1020 1954 1203 2011 quum
1232 1936 1385 2015 clam
1426 1951 1502 1991 ex
1529 1933 1826 2007 Epidauro
1857 1936 1916 1993 in
1942 1934 2194 1993 insulam
2224 1944 2344 1991 tra·-

158 2008 431 2083 jecissent,
472 2019 537 2073 in
587 2017 805 2073 inscios
848 2018 1257 2080 Athenienses,
1287 2015 1500 2069 itinere
1523 2030 1562 2069 a
1587 2014 1838 2072 navibus
1875 2014 2212 2079 intercluso,
2255 2015 2341 2071 fe-

167 2092 291 2151 cisse
314 2098 640 2170 impetum:
684 2096 1009 2172 eodemque
1032 2095 1214 2153 simul
1258 2102 1526 2167 tempore
1553 2089 1776 2151 tonitru
1819 2098 1880 2151 et
1920 2099 2090 2151 terra:
2114 2101 2348 2154 motum

166 2171 261 2227 iuis
284 2178 606 2233 exstitisse:

186 2292 193 2301 -
232 2255 315 2313 87.
358 2256 499 2311 Haec
557 2255 763 2327 Argivi
808 2264 989 2329 atque
1030 2254 1333 2331 AEginetae
1376 2259 1727 2311 memorant.
1825 2251 2122 2309 Gaeterum
2165 2252 2348 2307 Atbe-

168 2330 369 2389 nienses
406 2334 589 2393 etiam
631 2333 915 2401 fatentur,
944 2352 1135 2391 unum
1174 2332 1548 2391 solummodo
1589 2348 1623 2385 e
1663 2330 1782 2387 suis
1821 2331 2057 2385 salvum
2084 2331 2382 2405 Athenas,

168 2409 407 2472 rediisse:
454 2413 561 2471 sed
610 2413 811 2488 Argivi
854 2415 1045 2479 aiunt,
1088 2430 1123 2467 e
1164 2412 1351 2477 clade,
1398 2426 1576 2485 quam
1623 2409 1736 2480 ipsi
1777 2408 2114 2465 intulissent
2151 2409 2350 2487 Attico

169 2490 439 2559 exercitui,
468 2510 663 2549 unum
692 2493 859 2549 illum
890 2492 1264 2566 superstitem
1296 2490 1510 2557 fuisse;
1557 2487 1939 2545 Athenienses
1980 2502 2120 2543 vero
2159 2488 2346 2553 aiunt,

170 2568 365 2625 eelade
388 2588 573 2644 quam
610 2571 771 2629 Deus
812 2572 953 2644 ipsis
998 2564 1357 2627 immisisset.
1436 2568 1858 2625 Verumtamen
1901 2583 1979 2623 ne
2020 2564 2180 2623 hunc
2215 2567 2350 2639 qui·

166 2643 299 2712 dem,
324 2647 498 2715 aiunt,
530 2651 855 2709 calamitati
898 2648 1323 2722 supervixisse3
1366 2646 1468 2703 sed
1498 2646 1736 2719 periisse
1761 2646 1865 2703 tali
1896 2644 2090 2701 modo.
2167 2646 2352 2703 Athe-

166 2740 253 2779 nas
274 2736 335 2787 ut
357 2726 554 2791 rediit.
578 2730 891 2787 nunciavit
916 2729 1311 2785 calamitatem
1328 2744 1347 2782 t
1390 2744 1510 2801 quo
1539 2724 1844 2799 divulgato
1867 2725 2110 2791 nuncio,
2136 2740 2350 2782 uxores

164 2802 391 2865 virorum
432 2802 539 2882 qui
588 2803 979 2885 expeditionis
1028 2809 1091 2864 in
1131 2803 1421 2881 AEginam
1464 2811 1752 2877 susceptae
1779 2802 2018 2861 fuerant
2053 2802 2220 2869 socii,
2251 2804 2346 2880 iu-

164 2880 313 2955 digne
338 2886 599 2943 ferentes
627 2887 821 2944 solum
854 2888 1013 2943 hunc
1057 2904 1133 2942 ex
1172 2885 1449 2941 omnibus
1493 2882 1724 2938 salvum
1769 2881 2024 2947 rediisse,
2053 2882 2207 2937 circa
2235 2882 2346 2941 bo·

164 2962 357 3023 minem
392 2966 811 3032 circumfusas,
853 2964 1049 3021 fibulis
1091 2963 1348 3021 vestium
1388 2979 1631 3019 suarum
1674 2958 1959 3017 fodicasse
2013 2959 2344 3026 hominem,

164 3045 531 3121 quaesisseque
558 3063 630 3101 ex
658 3063 729 3101 eo
755 3060 1249 3117 unamquamque,
1279 3043 1500 3099 ubinam
1527 3056 1655 3095 suus
1681 3045 1815 3095 esset
1851 3040 2083 3093 maritus
2100 3036 2131 3091 9
2169 3047 2352 3112 atque

164 3118 235 3174 ita
279 3124 443 3181 illum
490 3124 754 3199 periisse.
851 3121 1301 3181 Atheniensibus
1350 3128 1552 3177 autem
1599 3119 1712 3175 hoc
1757 3117 2078 3176 mulierum
2119 3115 2350 3175 factum

164 3198 273 3269 ipsa
308 3199 731 3261 clade'tristius
758 3202 943 3259 fuisse
968 3200 1179 3259 visum.
1260 3200 1333 3257 In
1360 3215 1506 3273 quas
1537 3213 1720 3269 quum
1763 3196 1880 3251 alis
1905 3197 2128 3251 ratione
2155 3196 2348 3263 anim..

164 3276 437 3339 advertere
498 3299 622 3339 non
672 3291 937 3355 possent,
986 3290 1211 3337 vestem
1274 3279 1512 3335 illarum
1569 3270 1634 3333 in
1707 3273 1972 3332 Ionicum
2021 3282 2354 3333 mutarunt.

162 3350 307 3415 l'rius
346 3363 503 3417 enim
552 3360 835 3417 Doricam
878 3368 1100 3417 vestem
1144 3364 1520 3434 gestaverant
1559 3354 1769 3413 Attioae
1809 3354 2108 3419 mulieres,
2139 3353 2348 3411 Corin·

164 3431 347 3495 thiacae
390 3439 543 3499 vesti
592 3440 991 3497 simillimam:
1036 3439 1189 3495 hanc
1235 3435 1616 3512 igiturlinea
1658 3432 1862 3489 tunica
1915 3440 2347 3505 permutarunt.

162 3510 257 3571 Est
276 3530 491 3584 autem,
527 3534 731 3575 verum
776 3519 821 3574 si
864 3516 1206 3592 quaerimus,
1237 3534 1353 3573 non
1401 3514 1642 3571 Ionicum
1681 3511 1794 3567 hoc
1819 3514 2216 3578 vestimentum,
2245 3512 2348 3567 sed

168 3590 433 3652 Carinum:
492 3614 629 3655 nam
678 3598 945 3653 omnium
994 3595 1305 3653 mulierum
1348 3592 1686 3651 Graecarum
1731 3591 2153 3665 vestimentum
2199 3590 2346 3649 olim

156 3668 295 3729 idem
324 3677 515 3733 fuerat
544 3676 700 3749 quod
730 3693 885 3733 nunc
917 3675 1198 3733 Doricum
1230 3673 1626 3732 nominamus.

224 3757 317 3809 88.
362 3757 547 3811 Aiunt
582 3762 803 3819 autem,
832 3753 986 3827 apud
1027 3752 1277 3828 Argivos
1304 3760 1363 3808 et
1388 3750 1708 3823 AEginetas
1745 3765 1822 3803 ex
1855 3748 2158 3805 occasione
2187 3745 2345 3803 illius

162 3825 621 3895 factiinvaluisse
653 3851 897 3897 morem,
925 3834 1022 3906 qui
1068 3834 1245 3889 etiam
1290 3847 1453 3887 nunc
1495 3827 1650 3901 apud
1688 3836 1970 3899 utrosque
1997 3826 2246 3891 obtinet,
2273 3836 2345 3881 ut

160 3906 349 3968 fibulas
372 3913 603 3971 faciant
630 3912 875 3969 dimidio
902 3928 1081 3986 quam
1126 3911 1201 3967 ad
1240 3910 1297 3965 id
1338 3918 1572 3981 tempus
1600 3902 1872 3974 maiores,
1899 3914 2080 3977 utque
2105 3907 2162 3961 in
2192 3913 2344 3959 tem-

162 3986 247 4056 plo
284 3991 489 4049 barum
529 3992 773 4049 dearum
816 3983 1045 4053 fibulas'
1068 3989 1323 4047 maxime
1358 3988 1634 4045 dedicent
1679 3984 1990 4051 mulieres3
2035 3991 2164 4039 tum
2213 3983 2345 4057 lege

160 4069 295 4137 apud
326 4070 457 4125 illos
482 4079 725 4129 cautum
752 4069 958 4136 fuisse,
988 4078 1057 4127 ut
1098 4086 1207 4125 nec
1246 4066 1406 4123 aliud
1454 4066 1774 4139 quidquam
1823 4062 1978 4134 quod
2027 4080 2098 4117 ex
2143 4061 2344 4119 Attica

156 4147 467 4215 Profectum
510 4151 611 4217 sit,
640 4150 701 4209 in
742 4149 1033 4223 templum
1076 4147 1385 4213 inferatur,
1429 4162 1536 4201 nec
1579 4142 1758 4199 fictile
1796 4140 2082 4207 Atticum,
2125 4142 2224 4198 sed
2264 4160 2342 4199 >ex

912 4228 929 4237 ““
1129 4230 1166 4283 2
1198 4244 1237 4281 K
1268 4229 1306 4283 2
