2925 4992
1100 310 1351 377 URAN
1366 316 1472 375 1A.
1555 366 1564 375 .
2267 317 2400 379 871.

176 472 463 547 habebat)
496 482 586 541 ut,
612 474 665 531 si
688 472 1045 533 conflixisset
1068 472 1290 543 classis,
1318 476 1377 533 id
1416 474 1534 533 illis
1561 475 1664 549 qui
1689 472 1764 531 aa
1797 470 2184 547 Thermopylas
2219 482 2383 531 erant

176 552 575 627 significaret:
603 561 667 611 et
690 552 959 611 similiter
980 554 1137 627 apud
1156 554 1490 611 Leonidam
1508 553 1912 627 Abronychus,
1935 550 2180 624 Lysiclis
2201 550 2382 619 iilius,

172 630 575 697 Atheniensis,
596 641 827 724 paratus
852 632 993 689 fuit
990 633 1097 706 ,qui
1124 650 1445 689 conscensa
1469 632 1728 690 actuaris
1751 630 1888 687 navi
1913 631 2004 687 his
2031 631 2104 687 ad
2124 633 2379 688 Artemi-

174 710 333 779 sium
382 711 767 776 renunciaret,
810 712 859 767 si
897 711 1261 785 pedestribus
1300 712 1484 783 copiis
1533 712 1666 769 novi
1715 708 2009 783 quidpiam
2061 710 2380 767 accidisset.

170 786 297 843 Hic
324 788 513 862 igitur
534 788 919 863 Abronychus
944 789 1203 855 advenit,
1224 788 1690 865 significavitque
1715 806 1848 862 quoe
1875 788 2028 843 cirea
2049 787 2380 847 Iaeonidam

172 862 425 939 ejusque
448 868 771 923 exercitum
794 875 965 943 gesta
989 875 1173 923 erant.
1238 868 1474 929 Quibus
1499 868 1584 925 illi
1615 867 1783 925 rebus
1811 863 2084 941 cognitis,
2104 863 2230 936 jam
2263 882 2396 926 non

172 945 436 1018 amplius
476 946 857 1003 differendum
888 944 997 1002 sibi
1036 946 1287 1003 reditum
1318 941 1666 1016 judicantes,
1697 954 2034 1018 receperunt
2073 962 2134 1001 se
2175 944 2380 1004 eodem

172 1022 387 1079 ordine
410 1040 529 1097 quo
554 1024 615 1080 in
644 1024 901 1081 statione
924 1034 1089 1081 erant
1112 1024 1321 1081 locati·
1306 1065 1322 1095 ,
1354 1025 1528 1098 primi
1555 1024 1868 1090 Corinthii,
1895 1024 2176 1098 postremi
2201 1025 2382 1083 Athe

177 1102 445 1159 nienses.

256 1184 359 1236 22.
398 1180 552 1237 Tum
593 1198 735 1237 vero
772 1180 1218 1248 Themistocles,
1248 1182 1478 1241 selectis
1519 1181 1902 1239 velocissimis
1942 1180 2388 1239 Atheniensium

172 1254 451 1325 navibus,
478 1260 551 1317 ad
576 1276 757 1333 aquas
784 1276 1045 1334 quasque
1068 1258 1221 1316 circa
1244 1278 1315 1317 ea
1336 1261 1468 1315 loca
1493 1258 1778 1333 potabiles
1799 1278 1862 1317 se
1887 1258 2222 1325 eonferenS,
2237 1260 2388 1333 lapi

172 1338 359 1395 dibus
386 1338 589 1394 incidit
626 1339 859 1411 scripta,
888 1354 1021 1411 quae
1058 1338 1235 1395 lones
1279 1339 1558 1412 postridie
1591 1335 1718 1415 eius
1753 1336 1864 1393 diei
1903 1336 1976 1393 ad
2005 1338 2386 1393 Artemisium

173 1414 543 1488 adpellentes
568 1416 859 1491 legerunt.
902 1416 1041 1473 Erat
1068 1426 1265 1473 autem
1294 1417 1645 1489 scriptorum
1673 1416 1962 1473 sententia
1990 1416 2147 1471 baec·
2213 1416 2390 1471 ‘Viri

188 1492 465 1549 ‘Ionesl
508 1491 705 1567 inique
750 1494 945 1569 agitis,
974 1496 1077 1568 qui
1116 1504 1325 1551 contra
1366 1504 1640 1567 parentes
1677 1495 1966 1559 militatis,
1998 1504 2057 1549 et
2097 1494 2386 1550 Graeciam

175 1579 219 1604 “
256 1572 319 1628 in
364 1574 705 1629 servitutem
742 1574 1031 1629 conamini
1072 1574 1353 1647 redigere.
1432 1573 1630 1629 Immo
1671 1590 1832 1636 ver0,
1863 1573 2020 1645 quod
2059 1573 2314 1630 maxime
2353 1590 2394 1629 a

177 1657 228 1682 “
258 1650 431 1705 vobis
458 1651 841 1725 postulamuS,
872 1652 1085 1709 nostris
1112 1670 1147 1706 a
1174 1652 1435 1725 partibus
1462 1650 1648 1708 state!
1694 1652 1762 1707 Id
1792 1652 1838 1705 si
1879 1653 2070 1707 facere
2097 1668 2219 1705 non
2252 1649 2394 1708 licet

176 1734 227 1760 “
258 1728 449 1794 vobis,
477 1740 539 1785 at
564 1730 743 1786 etiam
780 1746 941 1787 nunc
980 1730 1204 1786 neutris
1230 1746 1333 1786 vos
1384 1730 1642 1802 partibus
1675 1726 2000 1801 adjungite,
2027 1736 2086 1785 et
2112 1728 2218 1785 vos
2255 1730 2390 1801 ipsi,

176 1815 221 1838 ‘¹
255 1816 319 1865 et
364 1808 633 1873 Caribus,
674 1818 747 1864 ut
790 1808 945 1863 idem
988 1808 1236 1873 faciant,
1283 1806 1665 1881 persuadete!
1707 1809 1808 1863 Sin
1860 1808 2068 1863 horum
2117 1815 2392 1865 neutrum

174 1886 387 1946 “fieri
414 1894 627 1959 potest,
654 1886 757 1943 sed
780 1887 1049 1961 graviore
1076 1887 1435 1950 necessitate,
1454 1904 1630 1959 quam
1661 1892 1728 1941 ut
1751 1886 1994 1942 deficere
2017 1886 2094 1942 ab
2123 1886 2392 1943 hostibus

178 1974 229 1998 “
264 1966 519 2040 possitiS,
554 1965 695 2021 estis
742 1965 1041 2034 adstricti3
1092 1964 1150 2019 in
1194 1965 1321 2037 ipso
1362 1966 1571 2021 saltem
1613 1982 1808 2037 opere,
1843 1963 2080 2037 quando
2123 1982 2392 2039 pugnam

180 2051 229 2076 “
256 2060 655 2108 conseremus,
680 2042 950 2099 consulto
976 2049 1197 2099 cessate
1221 2042 1233 2098 !
1268 2060 1558 2101 memores
1585 2060 1620 2098 a
1647 2044 1814 2100 nobis
1837 2060 1942 2099 vos
1969 2060 2096 2101 esse
2121 2047 2394 2119 progeni-

182 2129 231 2157 “
258 2131 376 2189 tos,
402 2130 579 2195 atque
602 2122 777 2179 etiam
809 2122 1145 2179 inimicitias
1174 2122 1298 2189 has,
1324 2139 1470 2194 quas
1495 2140 1631 2179 cum
1663 2122 1934 2179 Barbaris
1959 2123 2238 2195 gerimus,
2269 2124 2391 2195 pri-

211 2208 423 2257 ‘mam
450 2218 487 2256 a
512 2200 679 2256 vobis
706 2200 994 2275 originem
1032 2200 1327 2257 traxisse.u
1408 2200 1558 2257 Haec
1582 2201 2006 2257 Themistocles
2041 2203 2294 2273 scripsit,
2323 2210 2395 2257 ut

108 2284 127 2303 ⁶
182 2276 461 2371 equidem
498 2275 771 2344 arbitror,
800 2297 861 2335 re
900 2276 961 2333 in
1000 2286 1313 2352 utramque
1354 2287 1582 2350 partem
1621 2279 1968 2346 deliberata3
2013 2294 2134 2349 quo
2171 2279 2393 2335 eisdem

182 2361 281 2417 his
322 2357 571 2430 scriptis,
598 2358 721 2413 sive
746 2374 817 2412 ea
852 2356 1097 2413 laterent
1138 2354 1432 2421 barbaros,
1458 2356 1636 2413 Iones
1664 2356 1737 2412 ad
1779 2356 2164 2412 deficiendum
2191 2375 2227 2410 a
2255 2374 2396 2431 rege

185 2445 251 2497 et
304 2435 377 2492 ad
430 2436 668 2491 Graecos
716 2434 1141 2493 transeundum
1192 2442 1705 2508 permoverentur,
1759 2433 1882 2491 sive
1928 2452 2000 2489 ea
2053 2436 2396 2491 renunciata

184 2521 387 2574 essent
410 2512 595 2569 Xerxi
634 2519 695 2568 et
732 2513 795 2569 in
832 2512 1187 2570 calumniam
1228 2511 1385 2585 apud
1424 2528 1560 2569 eum
1601 2476 1870 2578 adducta,
1897 2512 1970 2567 de
2003 2511 2114 2568 fide
2143 2514 2394 2585 suspecti

188 2593 573 2653 redderentur
609 2590 809 2659 lones,
838 2608 1021 2665 eaque
1060 2606 1267 2647 caussa
1288 2608 1327 2647 a
1362 2592 1588 2667 pugnis
1625 2590 1926 2648 navalibus
1967 2592 2171 2665 procul
2210 2592 2392 2650 habe-

188 2679 415 2731 rentur.

271 2754 369 2809 23.
398 2751 559 2809 Dum
588 2752 715 2808 haec
738 2749 865 2825 agit
885 2748 1333 2817 Themistocles,
1362 2749 1638 2805 continuo
1663 2758 1798 2823 post
1813 2750 2152 2809 Graecorum
2177 2751 2394 2807 disces-

190 2848 327 2889 sum
366 2831 511 2887 eivis
550 2828 937 2894 Histiaeensis,
966 2828 1203 2903 navigio
1244 2828 1562 2901 profectus,
1595 2828 1874 2884 Barbaris⁴
1905 2827 2114 2902 fugam
2159 2830 2394 2887 illorum

188 2912 275 2967 ab·
297 2910 609 2966 Artemisio
650 2907 967 2969 nunciavit.
1044 2907 1121 2962 At
1158 2904 1267 2980 illi,
1296 2906 1474 2963 fidem
1517 2907 1738 2963 nuncio
1777 2922 1892 2961 non
1935 2907 2296 2973 adhibentes,
2335 2909 2398 2965 in

190 2984 463 3046 custodia
488 2988 1167 3055 hominemtennerunt3
1214 2984 1558 3057 velocesque
1591 3001 1790 3049 naves,
1819 3001 1952 3057 quoe
1977 3000 2098 3040 rem
2127 2987 2395 3059 explora-

192 3074 353 3133 rent,
383 3065 803 3140 praemiserunt.
880 3064 931 3120 A
956 3063 1169 3137 quibus
1197 3081 1377 3136 quum
1408 3063 1657 3121 relatum
1685 3074 1836 3119 esset
1863 3064 1918 3117 id
1949 3062 2102 3135 quod
2133 3082 2222 3120 res
2247 3072 2397 3130 erat,

190 3148 277 3203 ita
302 3146 545 3203 demum
569 3144 851 3201 universa
872 3142 1050 3199 simul
1076 3142 1296 3208 classis,
1317 3148 1387 3196 ut
1413 3142 1586 3214 primi
1615 3141 2038 3215 spargebantur
2061 3140 2200 3198 radii
2233 3142 2396 3208 soliS,

191 3225 265 3281 ad
290 3224 675 3281 Artemisium
701 3221 965 3295 profecta
984 3231 1094 3277 est.
1174 3218 1264 3277 Ibi
1296 3236 1488 3292 usque
1527 3220 1602 3275 ad
1647 3220 1947 3277 meridiem
1989 3222 2220 3285 morati,
2251 3222 2397 3278 His-

195 3305 395 3359 tiaeam
422 3302 561 3359 inde
586 3301 960 3375 navigarunt.
1039 3300 1179 3360 Quo
1204 3298 1304 3355 ubi
1342 3314 1673 3386 pervenere,
1699 3297 2080 3357 Histiaeorum
2111 3300 2254 3357 urbe
2295 3318 2399 3371 po-

192 3381 317 3448 titi,
346 3380 673 3437 maritimos
712 3394 919 3435 omnes
958 3379 1115 3434 vicos
1154 3377 1373 3452 Ellopii
1410 3371 1563 3452 agri,
1593 3379 1696 3451 qui
1735 3376 1968 3433 ditionis
2009 3378 2398 3437 Histioeotidis

196 3469 311 3523 est,
336 3458 725 3515 incursarunt.

272 3540 374 3595 24.
416 3536 502 3594 Hi
526 3536 671 3593 dum
696 3536 779 3592 ibi
806 3540 1133 3602 morantur,
1162 3533 1396 3591 interim
1422 3532 1670 3601 Xerxes,
1698 3544 2008 3628 postquam
2037 3554 2170 3611 quae
2197 3537 2266 3593 ad
2297 3554 2396 3592 oc.-

194 3618 455 3675 cisorum
477 3616 755 3671 cadavera
776 3621 1041 3689 spectant
1066 3620 1514 3687 praeparaverat,
1538 3615 1824 3671 nuncium
1857 3616 2020 3673 misit
2039 3616 2112 3673 ad
2137 3618 2400 3673 classem.

192 3696 634 3769 Praeparaverat
660 3701 857 3749 autem
887 3693 1097 3749 haecce.
1138 3693 1445 3763 Quotquot
1464 3691 1580 3747 de
1565 3692 1746 3785 ipsius
1766 3694 2025 3750 exercitu
2049 3695 2398 3759 ceciderant,

204 3778 405 3845 (erant
428 3780 623 3830 autem
652 3771 725 3828 ad
752 3771 930 3827 vicies
957 3770 1148 3842 mille)
1182 3787 1257 3827 ex
1298 3768 1383 3824 his
1428 3770 1663 3827 nonnisi
1703 3772 1866 3829 mille
1905 3772 2220 3829 admodum
2262 3772 2398 3827 reli-

197 3853 351 3926 quit,
382 3859 619 3909 caeteros
664 3849 882 3905 factis
866 3868 927 3905 ιιι
969 3849 1027 3907 id
1069 3848 1243 3905 fossis
1286 3846 1574 3919 sepelivit,
1603 3866 1852 3941 superne
1891 3850 2086 3907 stratis
2126 3850 2400 3908 arborum

197 3928 376 3997 foliis,
398 3930 745 4005 ingestaque
770 3928 975 3993 humo,
1004 3944 1081 3983 ne
1108 3944 1145 3982 a
1170 3926 1473 3983 classiariis
1499 3928 1979 4003 conspicerentur.
2051 3929 2132 3985 Ut
2164 3928 2399 3987 Histiae-

197 4028 296 4067 am
322 4026 519 4083 praeco
545 4007 836 4082 pervenit,
852 4013 1168 4063 convocata
1196 4005 1370 4061 totius
1395 4006 1688 4062 exercitus
1719 4007 2021 4072 concione,
2041 4007 2163 4063 haec
2189 4006 2398 4077 edixit·

200 4088 425 4153 “Viri,
466 4102 767 4143 armorum
808 4082 983 4139 socii!
1029 4084 1162 4141 Rex
1205 4082 1431 4139 Xerxes
1477 4085 1794 4157 unicuique
1833 4102 1867 4139 e
1908 4084 2099 4151 vobis,
2139 4087 2401 4160 quisquis

198 4162 545 4235 “voluerit,
572 4169 923 4242 potestatem
964 4162 1064 4221 dat
1104 4178 1275 4221 suum
1310 4160 1578 4298 ἔιιίἱῐέειιι
1623 4163 2010 4241 relinquendi,
2039 4175 2399 4239 spectatum-

1378 4257 1413 4295 s
