2925 4992
1091 317 1603 392 POLYMNJA.
2300 336 2420 401 ses

213 488 259 517 “
288 482 550 545 tellitum
579 499 850 547 meorum
889 500 1163 554 numero,
1185 488 1299 543 viri
1339 488 1438 561 qui
1468 504 1605 546 cum
1635 486 1825 550 tribus
1852 487 2033 547 simul
2056 485 2277 547 Graecis
2302 508 2413 563 pu-

204 569 254 594 *‘
281 581 476 639 gnam
525 565 676 667 ipire
725 580 848 623 non
897 566 1359 627 detrectabunt..
1405 584 1657 639 quorum
1706 574 1771 623 tu
1818 567 2177 643 inexpertus,
2224 570 2417 627 multa

211 648 253 673 “
285 643 586 717 nugaris?

201 734 208 739 ·
287 725 426 779 104.
465 723 558 781 Ad
595 724 720 781 haec
759 722 1136 790 Demaratus,
1169 729 1214 755 “
1241 718 1433 790 Rex,'’
1466 724 1683 799 inquit,
1716 732 1755 757 “
1780 724 1859 781 ab
1898 722 2073 783 initio
2112 742 2411 795 noveram,

207 805 248 830 “
276 818 422 857 vera
463 818 560 857 me
601 802 894 861 dicentem
939 820 1056 859 non
1095 802 1392 859 dicturum
1441 814 1613 876 grata
1652 802 1799 861 tibi.
1838 802 1961 869 sed,
1989 805 2303 877 (ιιιοιιὶιιιιιη
2314 824 2413 865 me

197 884 249 940 .“
279 880 535 955 coegisti
558 882 860 940 verissima
885 880 1100 954 eloqui,
1117 880 1236 937 dixi
1265 898 1398 954 quae
1425 883 1497 939 ad
1520 885 1838 955 Spartanos
1864 883 2142 939 adtinent.
2182 866 2409 946 Quam-

203 962 248 989 “
275 974 482 1030 quam,
509 976 627 1032 quo
667 968 840 1033 pacto
865 976 980 1034 ego
1005 976 1163 1015 nunc
1202 960 1458 1015 maxime
1498 962 1775 1019 adversus
1816 961 2407 1033 illosadfectussim,

189 1043 250 1099 ,“
285 1046 356 1093 tu
390 1040 616 1111 optime
661 1038 854 1107 nosti;
903 1054 1086 1110 quum
1129 1038 1218 1093 illi
1259 1055 1378 1105 me,
1407 1038 1627 1099 honore
1670 1048 1729 1095 et
1772 1040 2111 1111 muneribus
2156 1043 2409 1113 paternis

200 1120 244 1145 “
272 1117 616 1208 spoliatum,
643 1116 822 1173 domo
861 1125 1040 1190 atque
1079 1115 1266 1189 patria
1306 1117 1666 1189 pepulerint:
1714 1136 1891 1194 quem
1932 1129 2069 1175 tuus
2108 1128 2273 1193 pater
2306 1120 2409 1176 be-

199 1200 244 1224 “
274 1195 468 1269 nigne
501 1204 836 1267 exceptum,
880 1196 1046 1251 victu
1093 1213 1162 1251 ac
1209 1196 1509 1256 domicilio
1552 1197 1813 1255 donavit
1894 1199 2093 1261 Quare
2134 1198 2409 1269 credibile

196 1277 244 1303 “
275 1281 534 1341 nonest,
564 1275 867 1333 hominem
901 1291 1058 1329 sanae
1098 1273 1314 1330 mentis
1342 1276 1704 1347 exploratam
1752 1294 2019 1349 respuere
2062 1276 2407 1335 benevolen-

195 1356 243 1380 “
273 1353 446 1418 tiam,
471 1346 569 1408 sed
600 1370 729 1409 eam
756 1353 949 1427 potius
973 1369 1152 1425 quam
1190 1354 1454 1408 maxime
1476 1355 1803 1427 complecti.
1883 1354 2019 1429 Ego
2046 1373 2185 1411 vero
2210 1374 2407 1429 neque

194 1435 244 1461 ‘⁶'
269 1448 412 1487 cum
441 1430 642 1489 decem
670 1431 850 1487 simul
876 1430 1016 1489 viris
1039 1446 1208 1503 posse
1233 1448 1332 1487 me
1353 1432 1633 1489 dimicare
1658 1433 1935 1507 praedicO,
1962 1450 2070 1489 nec
2096 1452 2235 1503 cum
2244 1435 2409 1489 duo-

189 1512 236 1544 “
270 1508 421 1565 bus:
469 1518 550 1575 et,
578 1511 694 1569 mei
737 1510 786 1565 si
827 1528 918 1565 ses
943 1508 1168 1565 arbitrii
1193 1510 1288 1575 sit,
1317 1528 1390 1565 ne
1433 1528 1571 1567 cum
1615 1528 1739 1567 uno
1764 1512 2000 1585 quidem
2044 1513 2407 1587 congrediar.

181 1593 242 1639 .“
273 1587 452 1651 Quod
481 1589 534 1643 si
561 1607 696 1645 vero
726 1589 1042 1645 necessitas
1071 1595 1172 1643 aut
1212 1606 1495 1663 magnum
1526 1589 1760 1661 aliquod
1800 1590 2115 1653 discrimen
2144 1602 2403 1665 urgeret,

186 1672 242 1719 .“
271 1666 530 1723 libenter
567 1668 884 1726 admodum
931 1685 1065 1723 cum
1107 1684 1232 1722 uno
1275 1682 1350 1722 ex
1397 1667 1487 1724 his
1528 1668 1668 1724 viris
1708 1668 2107 1743 congrederer,
2149 1688 2401 1743 quorum

189 1750 242 1777 “
272 1760 450 1803 unus
461 1746 710 1819 quisque
751 1746 938 1801 tribus
963 1764 1027 1801 se
1067 1763 1268 1817 parem
1299 1745 1382 1801 ait
1409 1763 1535 1801 esse
1563 1746 1799 1803 Graecis.
1878 1747 1971 1803 Ita
2012 1749 2185 1803 etiam
2213 1748 2403 1805 Lace·

169 1828 241 1867 -“
271 1820 574 1891 daemonii,
603 1825 826 1901 singuli
849 1842 986 1881 cum
1011 1824 1260 1897 singulis
1299 1832 1653 1898 pugnanteS,
1682 1827 1859 1881 nullis
1901 1826 2035 1883 viris
2070 1835 2213 1884 sunt
2254 1828 2405 1885 infe-

193 1908 243 1934 “
273 1902 492 1973 riores;
537 1902 785 1962 conferti
816 1920 976 1967 vero,
1005 1902 1270 1959 omnium
1302 1904 1609 1975 hominum
1639 1903 1963 1962 fortissimi.
2042 1904 2211 1962 Licet
2238 1909 2403 1965 enim

192 1981 443 2038 “liberi
469 1982 609 2048 sint,
641 2000 760 2040 non
783 1991 926 2039 sunt
946 1990 1144 2038 tamen
1171 1982 1337 2037 omni
1364 1999 1434 2039 ex
1459 1990 1625 2056 parte
1648 1983 1851 2039 liberi·
1895 1991 2115 2057 praeest
2132 1985 2291 2042 euim
2320 1988 2404 2045 eis

191 2060 572 2125 “dominum
597 2060 762 2129 Lex3
809 2078 985 2135 quem
1027 2060 1112 2115 illi
1141 2059 1447 2117 dominum
1492 2062 1683 2129 multo
1723 2062 1917 2137 magis
1958 2063 2193 2129 timent,
2224 2082 2401 2137 quam

191 2144 242 2171 “
272 2147 338 2201 te,
361 2140 466 2195 tui.
523 2140 772 2197 Faciunt
799 2149 954 2195 certe
981 2138 1216 2212 quidem
1243 2156 1476 2212 semper
1502 2141 1559 2196 id
1588 2142 1743 2213 quod
1772 2141 1868 2197 lex
1890 2142 2171 2215 imperat:
2215 2144 2402 2218 impe-

175 2224 242 2289 .“
269 2224 362 2273 rat
387 2226 590 2276 autem
613 2220 718 2279 illa
731 2236 961 2293 semper
985 2219 1166 2284 idem,
1185 2226 1396 2283 vetans
1417 2236 1491 2275 ex
1516 2217 1639 2275 acie
1667 2222 1982 2293 profugere
2008 2232 2399 2293 quantacum-

191 2302 238 2328 “
268 2313 388 2369 que
425 2298 504 2353 sit
543 2297 799 2363 hostium
843 2297 1182 2361 multitud0,
1203 2291 1538 2369 jubensque
1584 2298 1643 2352 in
1671 2299 1871 2353 ordine
1898 2314 2003 2352 suo
2048 2307 2269 2357 stantes
2298 2310 2401 2357 aut

190 2381 236 2407 “
265 2375 504 2433 vincere
544 2386 648 2433 aut
688 2376 1052 2433 occumbere·
1133 2374 1306 2435 Quod
1349 2375 1400 2430 si
1447 2392 1599 2431 vero
1625 2375 1759 2431 tibi
1776 2377 1993 2450 nugari
2031 2376 2234 2433 videor
2273 2380 2399 2436 haec

190 2461 234 2485 “
263 2454 536 2520 dicendo,
565 2455 770 2512 desino
818 2456 1040 2527 reliqua
1064 2453 1383 2526 persequi:
1427 2470 1605 2518 nunc,
1638 2471 1771 2527 quse
1812 2455 1954 2522 dixi,
1984 2463 2225 2513 coactus
2258 2458 2397 2515 dixi.

192 2540 237 2564 “
267 2533 496 2589 Cedant
523 2541 720 2599 autem
746 2533 854 2589 tibi
875 2533 1074 2589 omnia
1101 2549 1173 2587 ex
1195 2539 1320 2595 tua,
1346 2530 1506 2599 Rex,
1536 2534 1827 2599 sententia
1848 2534 1902 2589 !'’

173 2674 180 2681 ‚
277 2616 410 2667 105.
453 2612 566 2669 His
605 2632 642 2669 a
681 2614 1004 2673 Demarato
1049 2611 1243 2677 dictis,
1273 2612 1456 2667 risum
1498 2612 1677 2669 edens
1700 2612 1925 2669 Xerxes
1972 2614 2139 2669 nulla.
2180 2614 2267 2671 ira
2308 2624 2399 2673 est

185 2690 544 2757 concitatus,
585 2690 686 2749 sed
729 2692 975 2747 comiter
1015 2687 1314 2745 hominem
1360 2689 1621 2747 dimisit:
1665 2708 1851 2765 eoque
1892 2692 2165 2749 absoluto
2208 2694 2394 2751 collo-

187 2769 358 2841 quio,
383 2771 706 2827 exercitum
735 2787 840 2843 per
862 2768 1175 2825 'lhraciam
1205 2767 1483 2824 adversus
1513 2768 1801 2827 Graeciam
1832 2771 2053 2837 eduxit,
2081 2781 2395 2845 postquam

187 2848 445 2907 Dorisco
472 2849 630 2916 huic,
659 2848 764 2905 ubi
800 2848 991 2904 adhuc
1037 2854 1298 2903 moratus
1323 2855 1470 2913 erat,
1499 2848 1840 2905 Mascamen
1880 2850 2157 2922 praefecit,
2182 2853 2395 2927 Mega·-

187 2926 378 2983 dostis
405 2926 614 2995 filium,
639 2935 842 2985 amoto
867 2926 943 2983 ab
975 2928 1086 2981 hac
1111 2925 1400 3000 dignitate
1443 2926 1723 3000 praefecto
1748 2928 1849 2985 illo
1875 2929 1976 3002 qui
2004 2946 2039 2985 a
2062 2928 2245 2987 Dario
2268 2941 2397 2990 erat

185 3006 563 3065 constitutus.

271 3090 408 3143 106.
437 3086 766 3149 Mascames
787 3093 984 3143 autem
1000 3084 1117 3152 hic,
1136 3084 1236 3159 qui
1261 3084 1340 3141 ibi
1365 3063 1603 3146 relictus
1622 3093 1729 3151 est,
1752 3086 1929 3143 talem
1954 3104 2015 3143 se
2032 3088 2223 3145 virum
2247 3106 2393 3161 prae-

187 3164 362 3230 stitit,
381 3171 450 3220 ut
466 3166 520 3221 ei
543 3167 645 3223 uni
671 3166 876 3223 deinde
892 3164 1118 3221 Xerxes
1133 3166 1442 3237 quotannis
1471 3183 1699 3221 muner·
1690 3186 1722 3219 ι
1746 3166 1978 3221 mittere
2004 3169 2395 3235 consueverit,

184 3253 492 3335 tamquam
509 3240 608 3318 qui
637 3252 844 3317 praeter
871 3261 1098 3309 omneS,
1129 3252 1420 3316 quotquot
1438 3253 1541 3301 aut
1569 3244 1691 3317 ipse
1720 3252 1823 3300 aut
1843 3244 2059 3301 Darius
2085 3247 2409 3319 praefectos.

185 3322 592 3391 constituerat,
617 3324 934 3379 fortissime
959 3340 1080 3377 rem
1109 3323 1418 3397 gessisset:
1453 3320 1779 3396 eodemque
1806 3323 2024 3379 honore
2041 3328 2391 3384 Artaxerxes

177 3403 394 3468 etiam,
421 3401 636 3459 Xerxis
659 3402 836 3467 filine,
866 3410 1125 3475 posteros
1151 3400 1471 3459 Muscamis
1506 3412 1847 3475 prosecutus
1876 3410 1983 3457 est.
2066 3403 2394 3473 Constituti

183 3480 352 3537 enim
377 3474 510 3549 jam
537 3490 672 3537 ante
701 3482 850 3535 hanc
875 3480 1310 3553 expeditionem
1347 3490 1516 3537 eraut
1556 3481 1701 3555 regii
1740 3481 1999 3553 praefecti
2045 3483 2105 3537 in
2138 3467 2393 3541 Thracia
2415 3525 2427 3537 .

183 3568 244 3615 et
284 3558 508 3633 ubique
550 3561 609 3617 in
648 3559 1058 3630 Hellesponto,
1141 3560 1224 3615 Hi
1263 3559 1447 3633 igit-ur
1486 3576 1713 3627 omneS,
1744 3570 1867 3619 tam
1906 3562 2007 3632 qui
2051 3562 2110 3616 in
2138 3560 2193 3616 Γ
2196 3564 2391 3621 bracla

181 3646 376 3703 erant,-
394 3656 574 3712 quam
599 3639 699 3711 qui
725 3640 784 3693 in
807 3638 1220 3709 Hellesponto,
1237 3646 1481 3709 excepto
1500 3636 1731 3697 Dorisci
1764 3638 2067 3709 praefecto,
2084 3650 2224 3713 ,post
2238 3642 2386 3699 hanc

179 3716 400 3773 Xerxis
423 3715 854 3791 expeditionem
881 3713 1046 3788 ejecti
1073 3724 1212 3771 sunt
1239 3734 1275 3771 a
1298 3716 1553 3771 Graecis:
1590 3716 2123 3783 Maseamenxero,
2155 3719 2387 3777 Dorisei

179 3794 554 3869 praefectum,
583 3796 730 3852 nulli
773 3810 1094 3869 umquam,
1121 3812 1479 3867 quamquam
1522 3796 1697 3851 multi
1740 3794 1935 3856 conati
1984 3806 2142 3862 sunt,
2164 3792 2387 3865 ejicere

177 3886 546 3949 potuerunt3
591 3892 772 3947 quam
799 3874 878 3931 ob
903 3890 1170 3931 caussam
1211 3882 1544 3931 const-anter
1570 3874 1626 3930 ei
1648 3874 1803 3935 dona
1838 3876 2159 3937 mittuntur
2184 3893 2221 3930 a
2248 3892 2387 3951 rege

165 3956 520 4091 ,ΡθῖῗΊωὲηκ
550 4002 786 4091 illorum
815 4040 1012 4089 autem
1034 4038 1314 4097 numeru.
1339 4020 1439 4105 qui
1463 4050 1499 4087 a
1520 4032 1742 4089 Graecis
1760 4028 1929 4101 ejecti
1956 4040 2117 4103 sunt,
2146 4034 2382 4093 nullum

173 4130 280 4172 rex
301 4113 520 4179 Darius
539 4110 766 4173 fortem
788 4111 970 4171 fuisse
983 4108 1171 4171 virum
1193 4107 1509 4247 jgdicavit,
1524 4122 1913 4187 praeterquam
1943 4128 2133 4175 unum
2146 4112 2380 4190 Bogen,

1298 4206 1336 4245 υ
