2925 4992
1007 325 1460 389 nu'rnnpn.
2002 405 2027 420 ‚
2300 331 2381 398 π

247 495 348 548 28.
391 489 504 548 Sed
527 487 652 546 sint
674 487 804 544 haee
825 487 914 543 uti
939 497 1100 553 sunt,
1125 497 1306 562 utque
1329 507 1364 544 a
1387 485 1671 564 principio
1694 487 1953 546 fuerunt.
2035 489 2227 546 Fontes
2244 507 2385 548 vero

177 571 298 628 Nili
339 587 522 626 nemo
557 585 756 644 neque
782 566 1227 642 AEgyptiorum,
1254 585 1360 622 nec
1384 567 1668 640 Libyum‚
1704 584 1813 624 nec
1858 569 2220 634 Graecorum,
2248 569 2385 642 qui-

173 649 422 706 buscum
457 663 574 723 ego
605 661 908 701 sermones
951 646 1179 710 miscui,
1209 663 1271 700 se
1311 647 1458 702 scire
1498 645 1789 718 professus
1830 655 1937 713 est,
1968 647 2078 701 nisi
2106 647 2165 703 in
2192 647 2385 724 AEgy-

175 738 297 801 pto,
325 729 388 782 in
421 727 520 782 Sai
563 721 806 799 oppid0,
845 719 1034 779 scriba
1067 741 1262 780 rerum
1291 726 1675 797 pretiosarum
1705 742 1835 797 qnae
1864 727 2151 780 Minervae
2176 739 2386 783 conse·

175 816 348 863 cratae
388 813 552 861 sunt.
633 805 712 859 At
739 802 788 857 is
817 803 1015 858 ludere
1055 803 1202 858 mihi
1241 805 1402 858 visus
1429 811 1541 868 est,
1571 803 1767 858 dicens
1810 807 2083 860 adcurate
2108 821 2169 856 se·
2196 821 2383 860 nosse.
2494 869 2503 878 ,

175 883 339 941 Dixit
391 891 594 940 autem
649 883 762 938 hoc
807 883 1020 936 modo:
1094 889 1136 913 “
1169 881 1308 936 Esse
1363 881 1511 936 duos
1562 890 1814 949 montes,
1868 882 2269 938 cacuminibus
2320 884 2381 940 in

177 970 218 996 “
247 973 491 1019 acutum
537 957 958 1027 desinentibus,
1003 960 1154 1015 inter
1202 959 1428 1034 Syenen
1465 959 1779 1016 Thebaidis
1808 961 2089 1034 oppidum
2129 969 2189 1017 et
2230 963 2387 1018 inter

178 1048 219 1074 “
247 1037 690 1116 Elephantinen
716 1040 860 1094 sitos
884 1063 902 1108 3
949 1055 1200 1111 quorum
1245 1039 1392 1093 alter
1437 1039 1678 1110 Crophi,
1708 1039 1855 1095 alter
1881 1040 2089 1113 Mophi
2114 1042 2383 1097 nomine·-

176 1127 218 1152 “
241 1129 358 1175 tur.
445 1120 496 1174 E
523 1118 722 1174 medio
767 1118 977 1172 horum
1017 1117 1310 1172 montium
1341 1116 1535 1172 -fluere
1561 1115 1685 1173 Nili
1711 1117 1927 1183 fontes,
1957 1118 2211 1176 fundum
2240 1121 2381 1176 nul-

174 1206 213 1231 “
238 1199 366 1254 lum
395 1198 716 1266 habentes3
761 1201 824 1250 et
845 1195 1156 1251 dimidium
1183 1195 1421 1269 quidem
1470 1212 1756 1268 aquarum
1798 1193 2001 1253 versus
2051 1197 2385 1273 AEgyptum

174 1284 219 1309 “
247 1285 310 1332 et
336 1276 820 1348 septemtrionem
859 1274 1058 1340 fluere,
1085 1275 1334 1330 alterum
1373 1273 1685 1330 dimidium
1712 1291 1915 1332 versus
1940 1273 2298 1350 AEthiopiam
2324 1285 2387 1336 et

173 1362 214 1388 “
243 1354 570 1414 meridiem.
651 1353 824 1413 Quod
851 1361 1050 1408 autem
1080 1353 1262 1408 fundo
1301 1361 1535 1408 careant
1565 1353 1623 1407 bi
1650 1352 1867 1418 fontes,
1898 1353 1956 1409 id
1984 1356 2383 1428 experimento

173 1441 218 1466 “
249 1433 671 1508 cognovisse?
691 1431 930 1501 aiebat,
977 1437 1021 1462 ‘⁸
1049 1431 1537 1486 Psammitichum
1564 1427 1809 1506 AEgypti
1853 1441 2059 1507 regem
2085 1457 2102 1504 3
2164 1434 2383 1491 etenim

171 1519 214 1544 “
239 1513 456 1568 funem
505 1529 578 1566 eo
621 1500 732 1565 l'offl
775 1509 1105 1575 demisisse,
1142 1509 1334 1566 multa
1365 1510 1555 1566 millia
1600 1527 1911 1584 orgyarum
1954 1512 2383 1578 continentem,

171 1597 214 1622 “
241 1607 434 1665 neque
485 1589 558 1645 ad
617 1587 888 1644 fundum·
915 1588 1297 1660 pervenisse.n
1381 1587 1477 1642 lta
1522 1587 1711 1643 scriba
1752 1589 1877 1654 ille,
1920 1589 1970 1644 si
2012 1591 2193 1644 modo
2245 1607 2385 1646 vera

169 1679 314 1726 sunt
347 1687 483 1743 quae
526 1668 690 1731 dixit,
733 1665 1068 1732 declaraWin
1114 1673 1210 1740 (ut
1250 1665 1521 1739 equidem
1558 1666 1857 1741 intelligo)
1888 1674 2125 1739 propter
2160 1667 2385 1725 validos

167 1749 460 1822 quosdam
491 1746 760 1820 gurgites
787 1755 848 1799 et
873 1763 1160 1819 aquarum
1193 1743 1713 1818 repercussionem,
1740 1747 1957 1818 quippe
1996 1762 2129 1818 quae
2163 1748 2383 1804 monti-

169 1827 284 1882 bus
323 1825 648 1891 illidantur,
679 1823 1020 1880 descendere
1048 1822 1108 1879 in
1137 1823 1398 1880 fundum
1441 1835 1558 1878 non
1590 1824 1849 1897 potuisse
1874 1823 2187 1880 demissam
2232 1823 2383 1892 boli-

167 1906 324 1960 dem.

247 1988 348 2042 29.
394 1983 490 2039 Ex
513 1985 632 2040 alio
675 1999 814 2039 vero
852 1981 1090 2038 nemine
1115 1979 1436 2056 quidquam
1463 1981 1623 2038 aliud
1654 1981 1820 2056 potui
1848 1984 2183 2057 comperire.
2267 1985 2381 2042 Sed

165 2063 304 2129 alia,
333 2079 470 2136 quae
497 2063 569 2118 ad
605 2065 930 2134 superiorem
955 2061 1266 2134 AEgyptam
1309 2069 1593 2134 spectant,
1620 2063 1813 2134 quoad
1855 2063 2200 2138 longissime
2244 2081 2383 2138 por-

171 2142 410 2215 rigitur,
439 2141 832 2214 perquirendo
873 2140 1166 2213 cognovi3
1213 2155 1399 2211 quum
1433 2156 1621 2213 usque
1648 2139 1719 2196 ad
1752 2141 2181 2214 Elephantinen
2212 2144 2385 2224 oppi-

167 2221 314 2276 dum
343 2222 474 2294 ipse
497 2227 794 2292 spectator
815 2218 1179 2281 accesserim,
1205 2217 1483 2274 ulteriora
1508 2235 1649 2274 vero
1676 2217 1879 2275 auditu
1906 2222 2252 2294 acceperim.
2289 2224 2383 2279 Ab

169 2300 542 2372 Elephantine
579 2294 794 2371 oppido
821 2297 1122 2370 superiora
1147 2291 1372 2368 petenti
1415 2296 1651 2352 acclivis
1691 2297 1853 2353 locus
1892 2308 2003 2353 est.
2086 2299 2175 2354 Eo
2202 2300 2388 2375 igitur

165 2378 284 2434 loci
315 2377 460 2434 navi
488 2377 809 2449 utrimque,
832 2376 1018 2431 veluti
1047 2374 1220 2440 bove,
1253 2374 1513 2449 adligata
1554 2383 1791 2448 oportet
1817 2376 1929 2432 iter
1954 2377 2143 2432 facere
2167 2394 2183 2433 ε
2226 2379 2385 2452 quod

167 2457 216 2512 si
263 2463 585 2528 rumpatur
625 2454 807 2518 funis,
837 2451 1268 2528 'retrogreditur
1312 2453 1636 2528 navigium,
1664 2455 1724 2510 vi
1751 2454 2015 2510 fluminis
2059 2455 2385 2530 abreptum.

166 2535 282 2592 Est
325 2543 532 2591 autem
578 2533 694 2589 ille·
721 2534 912 2598 loeuS,
942 2541 1196 2606 quatuor
1233 2531 1460 2587 dierum
1503 2533 1843 2608 navigati03
1891 2541 1947 2588 et
1974 2542 2273 2591 tortuosus
2298 2536 2383 2594 ibi

169 2614 352 2671 Nilus
376 2620 492 2678 est,
520 2611 1018 2686 quemadmodum
1047 2608 1380 2671 Maeandert
1423 2610 1645 2667 schoeni
1662 2619 1861 2668 autem
1886 2620 2029 2668 sunt
2046 2613 2381 2683 duodecim)

167 2709 274 2766 per
297 2709 475 2766 :quos
507 2691 640 2756 ,isto
683 2689 862 2746 modo
889 2689 1168 2763 navigare
1203 2697 1454 2762 oportet.
1540 2689 1685 2746 inde
1727 2687 1788 2745 in
1840 2691 2084 2763 planum
2115 2693 2381 2766 pervenis
2424 2719 2431 2726 ·

163 2787 477 2845 campum,
525 2770 588 2824 in
633 2767 752 2844 quo
795 2768 1052 2824 insulam
1091 2767 1268 2826 Nilus
1309 2765 1687 2834 cirdumfluit,
1735 2769 1832 2824 cui
1875 2787 2089 2826 nomen
2126 2781 2215 2828 est
2267 2771 2383 2828 Ta-

163 2848 438 2922 chempso.
533 2848 670 2903 Jam
727 2849 1028 2923 regionem
1077 2863 1258 2919 supra
1305 2845 1743 2919 Elephantinen
1791 2848 1983 2912 sitam,
2038 2856 2099 2904 et
2150 2849 2382 2918 insulae,

169 2945 350 3002 quam
394 2926 542 2992 dixi,
571 2927 874 2984 dimidiam
911 2932 1163 2999 partem,
1192 2923 1504 2998 AEthiopes
1544 2926 1846 2998 incolunt3
1894 2927 2137 2984 alteram
2178 2929 2385 2986 insulae

165 3015 402 3080 partem
429 3005 719 3080 AEgyptii.
751 3021 756 3026 ·
798 3004 1018 3060 Insulae
1039 3003 1353 3076 contiguus
1382 3011 1471 3058 est
1494 3003 1659 3059 lacus
1684 3004 1913 3078 ingens,
1942 3006 2159 3062 circum
2206 3023 2383 3081 quem

169 3085 458 3142 nomades
485 3084 758 3140 incolunt
785 3083 1132 3156 AEthiopes:
1181 3081 1340 3136 hunc
1365 3080 1557 3136 lacum
1600 3082 1699 3137 nbi
1726 3083 2220 3156 pei-navigaveris,
2252 3103 2383 3141 rur-

167 3181 270 3220 sus
315 3165 380 3219 in
423 3162 660 3218 alveum
702 3162 829 3217 Nili
873 3161 1204 3234 pervenies,
1249 3159 1352 3232 qui
1395 3159 1455 3214 in
1502 3158 1659 3216 hunc
1687 3162 1881 3216 lacum
1908 3158 2157 3234 perfluit.
2236 3162 2385 3222 Inde

167 3241 582 3316 progrediens,
625 3239 948 3296 secundum
1001 3236 1224 3295 flumen
1277 3239 1392 3294 iter.
1433 3237 1612 3293 facies
1664 3238 2054 3314 quadraginta
2106 3241 2333 3299 dierum
2360 3259 2381 3298 ε

165 3323 440 3377 eminent
465 3320 622 3374 enim
665 3337 738 3374 ex
783 3319 924 3374 Nilo
971 3317 1200 3389 scopuli
1241 3316 1420 3380 acuti,
1449 3317 1893 3391 frequentiaque
1919 3335 2061 3375 saxa
2086 3329 2247 3387 sunt,
2278 3337 2382 3394 per

169 3417 307 3473 quae
355 3398 639 3473 navigare
687 3413 808 3452 non
837 3395 986 3453 lieet.
1067 3395 1204 3452 Hoc
1229 3401 1420 3450 tractu
1445 3395 1599 3450 intra
1626 3397 1776 3469 quad
1786 3397 2015 3470 rag-ints.
2056 3399 2177 3454 dies
2214 3415 2381 3472 pera-

173 3485 368 3552 grat0,
395 3493 604 3532 rursus
630 3475 792 3531 aliud
819 3473 1128 3548 navigium
1171 3473 1538 3537 conscendes,
1566 3484 1623 3530 et
1654 3485 1785 3546 post
1812 3475 2038 3531 dierum
2068 3477 2382 3536 duodecim

173 3556 620 3630 navigationem
663 3554 733 3609 ad
777 3569 1060 3627 magnum
1095 3551 1398 3624 pervenies
1437 3553 1743 3624 oppidum,
1771 3555 1863 3609 cui
1891 3570 2104 3610 nomen
2134 3556 2375 3628 Meroe3

167 3635 328 3708 quod
357 3633 646 3707 oppidum
687 3632 902 3688 dicitur
939 3648 1064 3686 esse
1101 3629 1442 3701 metropolis
1474 3631 1827 3704 reliquorum
1856 3632 2228 3708 AEthiopum.
2308 3635 2381 3691 In

171 3716 290 3770 hoc
315 3731 392 3768 ex
415 3713 528 3768 diis
561 3712 838 3767 omnibus
879 3715 1066 3766 unum
1105 3707 1320 3764 Jove-m
1362 3709 1565 3764 colunt
1596 3720 1655 3764 et
1683 3709 2019 3768 Bacchum:
2052 3721 2259 3785 estque
2300 3713 2383 3769 ibi

165 3792 340 3848 Jov'ris
365 3792 676 3846 oraculum
703 3790 1108 3846 constitutum.
1188 3784 1426 3842 Bellum
1449 3787 1511 3841 bi
1531 3785 1835 3862 AEthiopes
1860 3788 2111 3855 faciunt,
2142 3791 2381 3864 quando

167 3871 338 3930 Deus
365 3870 500 3925 illos
542 3885 644 3942 per
685 3869 987 3923 oraculum
1013 3866 1228 3937 jussit3
1275 3872 1336 3919 et
1362 3881 1481 3937 quo
1508 3863 1605 3922 ille
1620 3863 1816 3936 jubet,
1846 3885 1916 3923 eo
1964 3869 2184 3924 bellurn
2228 3869 2379 3927 infe·

175 3957 334 4005 runt.
1313 3979 1320 3987 ·

249 4032 348 4083 30.
391 4028 482 4083 Ab
526 4028 640 4082 hoc
683 4025 904 4098 oppido
944 4025 1082 4080 navi
1109 4021 1426 4096 profectus,
1455 4026 1661 4082 eodem
1688 4027 1969 4098 temporis
2008 4027 2219 4098 spatio,
2258 4045 2379 4102 quo

169 4123 247 4162 ex
273 4105 674 4184 Elephantine
693 4104 784 4168 ,ad
833 4103 1186 4175 metropolin
1219 4103 1534 4174 pervenisti
1560 4105 1937 4176 AEthiopum,
1964 4103 2039 4158 ad
2066 4109 2380 4164 Automolm

171 4185 264 4260 [id
285 4193 395 4256 est,
433 4181 802 4260 Transfuga-s]
829 4181 1174 4258 pervenies„
1235 4181 1588 4241 Automolis‘
1610 4183 1700 4240 his
1748 4197 1968 4239 nomen
1998 4191 2089 4240 est
2110 4183 2380 4252 Amarda,-
