2925 4992
999 315 1517 379 POLYMNIA.
1804 364 1811 373 .
2233 326 2353 383 ³⁴0

467 512 469 517 -
493 472 751 543 masis,
771 478 832 533 et
869 473 980 531 hec
999 476 1234 551 quoique
1268 476 1416 535 urbe
1455 477 1679 553 potitus
1704 484 1813 537 est.
1891 476 2157 553 Plopuhts
2188 480 2359 539 enim

151 554 594 629 Syracusiorum
623 552 962 611 adventanti
987 555 1204 614 Geloni
1225 565 1288 613 et
1313 573 1378 613 se
1401 564 1464 615 et
1486 558 1695 615 urbem
1724 557 1985 616 tradidit.-

233 637 370 693 156.
409 632 706 709 Syracusis
731 634 952 706 potitus
977 634 1192 699 Gelon,
1205 630 1334 703 jam
1359 652 1479 693 non
1502 636 1651 693 tanti
1674 636 1819 693 fecit
1842 636 2007 693 Gelae
2034 636 2355 711 imperaret

151 713 348 787 itaque
375 710 796 785 hocoppidum
819 712 988 769 fratri
1011 730 1124 769 suo
1149 712 1406 769 Hieroni
1429 715 1719 787 permisit,
1738 715 1865 789 ipse
1886 732 2027 771 ven>
2046 714 2359 789 Syracusas

151 792 414 865 quolibet
451 792 632 847 modo
674 786 925 847 munivit
961 798 1024 847 et
1061 792 1230 847 auxit
1249 807 1270 846 z
1305 802 1593 865 erantque
1632 794 1689 851 ei
1718 793 2017 867 Syracusae
2053 794 2185 851 loeo
2224 812 2359 852 om*

151 870 342 941 nium.
419 868 504 925 Et
529 868 692 925 brevi
729 868 852 925 baec
879 867 1016 923 urbs
1057 870 1238 926 crevit
1277 866 1609 944 floruitque.
1688 872 1844 929 Nam
1872 880 1934 927 et
1962 873 2361 931 caman-ineos

147 956 424 1013 cunctos,
465 943 774 1019 Syracusas
821 947 1214 1014 transductae,
1255 947 1416 1005 cives
1463 949 1625 1019 feeit,
1666 950 1865 1007 diruta
1906 950 2255 1007 Camarina:
2300 958 2361 1009 et

148 1021 376 1097 majore
403 1033 566 1099 parte
591 1024 916 1081 Geloorum
943 1025 1160 1083 civium
1185 1026 1394 1083 eodem
1419 1028 1619 1095 modo,
1644 1045 1761 1103 quo
1788 1030 2191 1095 Camarinaeis,
2218 1046 2361 1086 usus

151 1112 268 1161 est.
343 1104 888 1177 Megarensesvero
913 1103 1175 1161 Siciliam
1215 1105 1535 1163 incolentes
1572 1123 1759 1181 quum
1786 1106 1861 1163 ab
1900 1106 2003 1163 illo
2028 1104 2363 1183 oppugnati
2428 1174 2433 1178 ,

149 1184 216 1239 in
255 1181 608 1239 deditionem
653 1182 992 1251 venissent,
1037 1183 1432 1257 opulentiores
1470 1202 1699 1251 eorum,
1740 1186 1843 1259 qui
1890 1184 2113 1243 bellum
2150 1198 2365 1243 contra

151 1278 290 1319 eum
321 1260 770 1325 suscitaverant,
797 1268 856 1315 et
883 1260 962 1317 ob
987 1260 1046 1317 id
1073 1278 1138 1317 se
1169 1262 1462 1335 perditum
1490 1264 1560 1322 iri
1600 1264 1913 1337 putabant,
1940 1265 2159 1337 pariter
2184 1266 2361 1339 Syra·

149 1357 324 1397 cusas
349 1338 704 1404 transduxit,
733 1338 1004 1411 civesque
1031 1340 1170 1395 feeit
1193 1365 1208 1409 3
1254 1340 1487 1413 plebem
1514 1352 1711 1399 autem
1740 1340 2201 1417 Megarensium,
2225 1335 2363 1416 vquse

150 1418 298 1477 belli
325 1436 448 1475 non
475 1418 670 1475 fuerat
693 1421 922 1482 auctor,
951 1426 1012 1475 et
1036 1418 1180 1477 nihil
1205 1418 1282 1475 ab
1312 1419 1416 1477 illo
1441 1421 1583 1475 mali
1612 1438 1675 1477 se
1714 1437 2019 1495 passuram
2058 1430 2361 1494 exspecta·

150 1498 280 1563 bat,
313 1497 462 1553 hanc
504 1496 647 1554 item
685 1497 1000 1569 Syracusas
1043 1496 1386 1569 perductam
1429 1499 1691 1555 vendidit
1730 1516 1803 1555 ea
1836 1499 2187 1565 conditione,
2220 1506 2290 1556 ut
2328 1516 2364 1555 e

151 1574 356 1633 Sicilia
381 1581 842 1649 exportarentur.
921 1574 1264 1649 Eodemque
1301 1576 1481 1631 modo
1506 1576 1935 1633 Euboeensibus
1976 1592 2117 1633 usus
2155 1587 2243 1633 est
2268 1575 2361 1633 Si·

151 1655 354 1711 ciliam
395 1652 812 1719 incolentibus,
837 1651 1088 1709 discreta
1123 1654 1296 1726 plebe
1319 1672 1358 1711 a
1393 1654 1804 1729 locupletibus.
1882 1653 2031 1729 Egit
2053 1662 2255 1713 autem
2280 1657 2365 1713 ita

153 1750 298 1791 cum
327 1732 590 1804 utrisque
610 1732 720 1787 hac
747 1748 972 1797 caussa,
993 1732 1152 1805 quod
1181 1732 1466 1789 molestiae
1490 1745 1549 1789 et
1576 1734 1813 1807 periculi
1842 1732 2083 1806 plenum
2110 1743 2361 1807 putaret,

148 1830 274 1869 una
299 1828 438 1875 eum
481 1810 652 1885 plebe
689 1808 972 1888 habitere.
1051 1807 1190 1865 Tali
1227 1810 1406 1867 modo
1445 1820 1659 1885 potens
1696 1820 1975 1887 tyrannus
2002 1812 2193 1869 Gelon
2220 1828 2362 1871 eva·
2458 1840 2465 1847 ·

154 1898 336 1948 serat.
891 1928 897 1941 .

153 2004 164 2011 -
241 1972 374 2033 157.
411 1965 586 2025 Tunc
619 1984 780 2031 vero,
806 1974 1118 2040 postquam
1147 1968 1458 2042 Syracusas
1486 1986 1701 2027 venere
1736 1969 2047 2025 Graecorum
2086 1968 2273 2042 legati,
2304 1972 2365 2029 in

151 2054 546 2121 conspectum
563 2045 808 2102 Gelonis
834 2046 1126 2119 producti,
1155 2047 1282 2103 haec
1304 2048 1460 2121 apud
1488 2066 1627 2107 eum
1646 2048 1829 2105 verba
1852 2049 2139 2105 fecerunt.
2181 2055 2220 2079 “
2242 2048 2365 2107 Mi·

155 2134 202 2159 “
230 2135 441 2183 semnt
465 2142 580 2183 nos
591 2122 1024 2181 lacedaemonii
1049 2132 1112 2181 et
1131 2124 1513 2183 Athenienses
1542 2129 1871 2199 horumque
1894 2128 2059 2193 socii,
2077 2126 2153 2183 ad
2184 2128 2367 2185 socie·

155 2212 203 2239 ‘⁸
231 2212 420 2263 tatem
439 2203 740 2261 adversus
792 2201 1124 2259 Barbarum
1165 2200 1294 2275 jam
1335 2206 1627 2263 Graeciam
1680 2206 2053 2263 invadentem
2106 2214 2165 2261 te
2211 2200 2366 2261 invi-

159 2288 202 2317 “
231 2290 480 2343 taturos.
567 2280 744 2337 Haud
795 2280 972 2338 dubie
1019 2282 1178 2337 enim
1233 2283 1388 2339 nosti
1439 2285 1635 2339 virum
1682 2284 1935 2347 Persam,
1977 2280 2365 2355 Hellesponto

159 2370 202 2395 “
232 2371 420 2437 ponte
430 2358 640 2431 juncto
655 2360 957 2416 universas
975 2361 1154 2416 Orien
1162 2362 1238 2416 tis
1255 2362 1454 2432 copias
1474 2378 1547 2417 ex
1562 2362 1701 2418 Asia
1716 2361 2195 2417 transductumm
2210 2378 2363 2428 esse‘,

158 2448 203 2475 “
229 2450 294 2499 et
313 2440 536 2497 bellum
551 2436 852 2496 illaturum
871 2439 1150 2508 Graeciae,
1171 2456 1435 2495 caussam
1455 2440 1693 2513 quidem
1710 2446 2145 2513 pmtexentem,
2163 2451 2367 2499 contra

156 2527 203 2555 “
231 2520 500 2577 Athenas
513 2534 578 2574 se
593 2518 804 2573 ducere
827 2518 1174 2583 exercitum,
1192 2518 1256 2573 in
1273 2518 1477 2575 animo
1494 2526 1695 2575 autem
1718 2517 2033 2575 habentem
2052 2525 2237 2575 totam
2254 2518 2367 2577 sibi

157 2606 202 2632 “
233 2598 528 2655 Gmeiam
578 2590 877 2666 subjicere.
957 2595 1054 2653 Tu
1103 2613 1242 2652 vero
1285 2612 1511 2671 magna
1554 2596 1829 2669 praeditus
1872 2612 1935 2651 es
1980 2596 2265 2669 potentia,
2308 2605 2367 2655 et

159 2685 204 2712 “
235 2676 393 2733 haud
419 2676 672 2733 minima
697 2691 828 2747 pars
854 2671 1094 2733 Graeciae
1115 2674 1272 2747 apud
1301 2682 1358 2731 te
1385 2683 1494 2741 est,
1524 2676 1621 2751 qui
1650 2676 1903 2749 imperas
1932 2674 2163 2731 Sicilire.
2222 2676 2367 2731 Suc-

156 2763 202 2789 “
231 2773 404 2813 cnm
437 2754 618 2830 igitur
653 2752 1036 2811 liberantibus
1063 2753 1372 2819 Graeciam,
1401 2771 1537 2811 cum
1580 2755 1779 2827 eisque
1820 2768 1949 2813 eam
1990 2752 2211 2811 libera!
2258 2754 2368 2811 Et·

156 2842 200 2869 “
231 2835 394 2891 enim
409 2828 636 2903 junctis
665 2830 906 2887 Graeciae
934 2832 1150 2887 viribus
1191 2850 1408 2906 magna
1431 2832 1795 2889 contrahitur
1830 2834 2072 2896 manus,
2100 2841 2161 2889 et
2198 2850 2367 2905 pares

157 2920 202 2947 “
229 2929 444 2984 sumus
467 2910 760 2969 invadenti
788 2910 958 2967 hosti.
1039 2910 1142 2965 Sin
1167 2922 1434 2965 nostrum
1459 2911 1561 2966 alii
1587 2928 1699 2967 nos
1726 2909 1999 2983 produnt,
2028 2910 2130 2965 alii
2157 2906 2369 2980 juvare

157 2999 200 3026 “
231 2992 474 3055 nolunt,
499 2998 562 3047 et
585 2989 798 3063 exigua
823 3006 956 3061 pars
978 2989 1224 3045 Graeciae
1249 3005 1392 3045 sana
1415 2996 1539 3059 est3
1572 2998 1719 3049 tunc
1745 3005 1883 3043 vero
1910 2995 1997 3043 est
2026 2988 2366 3057 verendum,

157 3079 207 3107 “
239 3087 314 3125 ne
341 3068 570 3125 Graecia
607 3068 804 3141 pereat
831 3068 1122 3123 universa.
1202 3067 1342 3125 Noli
1367 3068 1529 3123 enim
1559 3068 1915 3131 existimare,
1944 3066 1997 3121 si
2022 3082 2127 3121 nos
2168 3068 2369 3139 praelio

157 3157 201 3183 “
233 3148 422 3206 victos
465 3147 640 3205 Persa
683 3145 1007 3221 subegerit,
1051 3162 1172 3201 non
1213 3145 1487 3203 eumdem
1532 3146 1605 3201 ad
1651 3153 1711 3203 te
1752 3140 1967 3219 pariter
2004 3155 2315 3210 venturum
2342 3172 2363 3219 3

159 3230 206 3263 ‘¹
237 3226 368 3293 sed,
405 3226 744 3299 priusquam
789 3224 947 3280 istud
989 3223 1232 3289 accidat,
1265 3224 1370 3279 tibi
1419 3223 1720 3298 prospice!
1764 3222 1955 3281 Nobis
1996 3224 2153 3281 enim
2177 3240 2367 3299 'opem

161 3314 207 3341 “
233 3305 458 3371 ferens»,
489 3306 770 3378 teipsum
791 3310 992 3361 tutum
1019 3302 1338 3377 praestabis.
1389 3302 1543 3359 Rem
1578 3305 1729 3359 bono
1746 3302 2007 3358 ,consilio
2034 3316 2368 3377 susceptam

159 3392 205 3419 “
241 3384 432 3441 bonus
459 3382 804 3456 plerumque
831 3382 994 3455 sequi
1019 3382 1212 3453 exitus
1237 3381 1436 3438 solet.”
1518 3377 1609 3439 Sic
1636 3381 1722 3437 illi
1746 3381 1933 3437 locuti·
1958 3388 2113 3437 sunt.

245 3467 380 3520 158.
421 3462 612 3519 Gelon
651 3478 813 3526 vero,
857 3461 1232 3517 vehementer
1279 3460 1412 3517 illos
1453 3460 1776 3533 increpans,
1818 3458 1880 3515 in
1925 3460 2080 3517 hunc
2120 3459 2365 3523 modum

155 3540 478 3617 respondit.
535 3546 574 3572 “
607 3540 734 3595 Viri
772 3540 984 3605 Graeci‚
1016 3539 1316 3614 arroganti
1357 3544 1595 3597 utentes
1634 3538 1901 3596 oratione
1934 3538 2067 3595 ausi
2107 3536 2243 3595 estis
2270 3556 2368 3595 me

159 3628 206 3654 “
243 3619 470 3693 hortari
495 3627 562 3677 ut
587 3618 852 3675 subsidio
889 3617 1057 3673 vobis
1097 3616 1332 3673 veniam
1359 3615 1637 3674 adversus
1666 3615 2011 3673 Barbarum.
2088 3617 2171 3693 At
2194 3617 2367 3676 iidem

157 3707 205 3735 “
239 3717 370 3766 vos,
393 3715 583 3771 quum
605 3697 766 3769 prius
807 3714 922 3771 ego
965 3713 1074 3753 vos
1120 3696 1346 3771 rogavi,
1375 3703 1444 3751 ut
1490 3694 1871 3753 barbarorum
1896 3694 2217 3754 exercitum
2244 3710 2369 3753 me·

159 3786 202 3813 “
231 3796 377 3837 cum
399 3775 886 3852 adgrederemini,
912 3775 1353 3847 obtestatusque
1399 3790 1533 3831 sum
1574 3784 1643 3829 ut
1666 3772 1871 3829 Dorici
1914 3790 2145 3839 necem,
2167 3772 2369 3831 Anax·-

142 3864 206 3909 .“
233 3856 502 3921 andridae
547 3854 676 3921 filii,
728 3852 804 3911 ab
851 3851 1142 3929 Egestaeis
1187 3853 1565 3909 commissam
1604 3848 2051 3915 ulcisceremini,
2076 3850 2373 3925 simulque

156 3944 204 3969 “
237 3931 574 4007 adjutorem
601 3950 698 3991 me
724 3932 895 3989 vobis
917 3931 1110 3989 obtuli
1135 3931 1210 3987 ad
1233 3930 1535 3988 liberanda
1558 3930 1837 4005 emporia,
1854 3947 1889 3985 e
1914 3928 2127 4003 quibus
2150 3928 2375 4007 magna

155 4022 198 4048 “
231 4012 552 4073 commoda
575 4011 924 4083 fmctusque
948 4010 1020 4067 ad
1054 4028 1161 4067 vos
1201 4009 1491 4075 redibant,
1518 4026 1625 4066 nec
1650 4008 1771 4065 mei
1794 4025 2002 4063 caussa
2027 4007 2267 4068 venistis
2294 4012 2369 4069 ad

155 4100 202 4127 ‘⁶‘
229 4110 415 4167 opem
439 4090 588 4148 mihi
615 4088 942 4155 ferendam,
971 4106 1080 4145 nec
1105 4088 1178 4145 ad
1201 4088 1603 4145 ulciscendam
1626 4086 1833 4145 Dorici
1858 4085 2117 4153 caedenu
2160 4096 2243 4155 et,
2268 4107 2373 4162 per

146 4180 192 4209 ‘⁶
229 4168 726 4245 vossistetisset,
755 4168 958 4227 omnia
981 4168 1106 4227 hee
1132 4167 1194 4239 in
1223 4166 1605 4234 harbarorum
1644 4164 1839 4225 forent
1885 4170 2190 4245 potestate.
2266 4168 2369 4237 At,
