2925 4992
246 704 454 787 Loci
478 705 563 787 in
586 702 867 817 quibus
901 703 1001 789 V
980 672 1955 817 ersio'Sckweiglzaeuseri-
1975 706 2088 789 ad
2128 704 2213 790 Τ
2197 717 2459 790 extum

614 856 914 946 Beizii
946 873 1028 943 et
1066 855 1440 966 Schaferi
1479 858 1894 942 emendata
1931 872 2065 943 est.

1218 1376 1396 1435 LIB.
1437 1376 1490 1435 1.

270 1474 381 1521 cap.
430 1462 524 1507 lim

338 1532 389 1581 1.
438 1530 529 1582 18.
569 1526 639 1583 Io
666 1526 893 1585 Inachi.
976 1528 1035 1583 S.

321 1608 381 1662 2.
462 1609 520 1662 2.
559 1612 739 1680 atque
763 1604 970 1663 Groeci.
1053 1604 1115 1661 S.

293 1711 382 1727 υ·-
426 1689 519 1740 11.
559 1684 693 1741 Rex
719 1685 1097 1742 Colchorum.
1180 1681 1243 1738 S.

277 1764 381 1817 33.
556 1762 705 1820 Haec
732 1763 1027 1820 dicentem
1056 1764 1290 1819 Croesus
1317 1776 1428 1818 nec
1448 1776 1698 1817 munere
1720 1760 1848 1817 ullo
1874 1762 2118 1819 donavit
2141 1770 2202 1819 et
2229 1763 2459 1820 nullam

442 1842 453 1855 ⁸
648 1836 780 1913 ejus
804 1843 1096 1898 rationem
1127 1840 1347 1898 habens
1372 1858 1409 1895 a
1433 1856 1498 1896 se
1524 1839 1780 1895 dimisit:
1825 1840 2102 1907 inscitum
2141 1841 2462 1898 admodum

648 1938 775 1977 esse
816 1920 1121 1977 hominem
1164 1928 1345 1984 ratus,
1402 1918 1506 1991 qui
1565 1920 1904 1991 praesentia‚
1962 1920 2065 1976 διο.
2159 1918 2461 1991 Schweigh.

658 2000 835 2074 [Haec
854 1996 1032 2055 Solon
1060 2014 1251 2071 neque
1274 1996 1628 2054 assentando
1647 1997 1874 2065 Croeso,
1897 2016 2084 2073 neque
2111 1999 2292 2059 ullius
2319 2015 2460 2055 eum

644 2079 929 2134 momenti
975 2077 1265 2145 faciende,
1293 2076 1576 2150 loquutus
1607 2076 1949 2145 dimittitur,
1994 2094 2138 2133 sane
2179 2095 2256 2134 ue
2297 2078 2457 2134 visus
2569 2082 2572 2093 '

642 2155 731 2213 est
758 2156 1055 2222 indoctuS,
1086 2156 1191 2213 διο.
1278 2154 1463 2222 Valla,
1491 2172 1612 2210 cum
1648 2155 1882 2212 Gronov.
1909 2164 1965 2211 et
1997 2156 2159 2263 Wess.

286 2238 457 2293 50.1
472 2239 521 2291 1.
560 2234 839 2294 Duorum
864 2236 1239 2291 talentorum.
1322 2234 1383 2289 S.

282 2317 385 2373 70.
433 2318 525 2371 15.
566 2315 684 2371 ad
668 2332 817 2386 iram
843 2330 1119 2387 praeceps.
1200 2311 1264 2367 S.

245 2394 384 2449 106.
464 2398 521 2450 3.
561 2394 742 2459 Nam,
778 2399 1164 2483 praeterquam
1219 2389 1373 2464 quod
1427 2389 1716 2447 tributum
1755 2390 2082 2466 exigebant
2123 2408 2160 2447 a
2203 2384 2456 2467 singulis

652 2470 809 2546 quod
840 2470 1087 2545 singulis
1113 2470 1534 2542 imposuerant,
1564 2470 1664 2524 διο.
1747 2469 1807 2525 S.

250 2554 387 2609 120.
469 2556 525 2608 9.
563 2559 623 2607 et
638 2550 741 2624 qui
756 2548 994 2623 reliquis
1022 2555 1335 2622 praeessent
1354 2547 1725 2613 muneribus,
1753 2546 1960 2605 habuit
1979 2549 2354 2605 constitutos,
2396 2550 2458 2606 S.

242 2635 381 2687 214.
429 2633 518 2686 12.
558 2630 620 2685 in
675 2646 844 2685 sacco
890 2628 1189 2701 suspendit
1208 2625 1355 2683 sive
1404 2626 1463 2682 in
1517 2642 1753 2683 saccum
1822 2626 2077 2683 demisit.
2148 2627 2208 2684 S.
2271 2646 2458 2703 nempe

650 2708 791 2780 legit'
812 2706 1076 2765 ἔιωπῆπτε.

1212 2858 1386 2919 LIB.
1426 2863 1510 2919 II.

324 2976 383 3029 ⁶7.
462 2974 521 3027 2.
560 2970 727 3045 aquis
755 2967 997 3044 irrigua.
1088 2965 1152 3021 S.

289 3056 386 3109 13.
433 3055 525 3106 10.
564 3052 675 3105 sive
693 3050 903 3121 potius,
934 3044 1325 3177 nisiSsimul
1281 3040 1498 3100 fluvius
1525 3043 1652 3117 pari
1680 3046 1908 3103 ratione
1934 3047 2124 3123 magis
2149 3047 2462 3124 magisque

641 3145 719 3183 au
797 3124 1116 3182 bitur..

289 3214 385 3265 14.
430 3210 522 3262 16.
562 3144 892 3278 εἱυερξῖὶιιε,
922 3220 1027 3276 per
1051 3200 1249 3257 bov.es
1334 3202 1393 3258 S.

261 3291 384 3344 32.
426 3289 523 3342 22.
562 3284 821 3343 Juvenes
849 3283 1034 3357 igitur
1058 3280 1209 3336 illos.
1294 3279 1358 3337 S.

278 3370 383 3431 33.
430 3367 521 3419 13.
563 3363 733 3429 Ister,
762 3369 952 3418 totam
979 3359 1281 3432 Europam
1304 3374 1600 3417 emensus.
1682 3360 1746 3417 S.

283 3450 406 3507 40.,
464 3448 519 3497 4.
558 3440 881 3515 Postquam
904 3439 1277 3495 excoriarunt
1305 3437 1544 3508 bovem,
1573 3440 1820 3515 peractis
1850 3438 2133 3513 precibus.
2219 3441 2280 3495 S.

284 3527 386 3579 45.
468 3526 522 3577 9.
564 3521 824 3592 exceptis
850 3519 1081 3576 ovibuS.
1165 3517 1226 3573 S.

284 3606 386 3667 79.
464 3602 521 3654 3.
568 3599 784 3664 Linus,
814 3599 935 3672 qui.
1018 3594 1079 3651 S.

252 3685 387 3737 116.
471 3683 526 3736 5.
564 3678 679 3734 hoc
705 3673 917 3758 enim„
968 3676 1031 3731 S.
1168 3708 1174 3715 -

250 3765 387 3818 119.
432 3762 526 3813 10.
568 3756 818 3828 Libyam
847 3772 1068 3811 versus„
1152 3753 1213 3809 S.

252 3841 386 3895 128.
470 3839 525 3889 5.
565 3835 811 3907 pastoris
840 3832 1195 3890 Philitionis.
1278 3832 1339 3889 S.

250 3922 388 3976 140.
471 3914 529 3970 ¹7.
568 3931 673 3985 per
698 3912 1122 3987 septingentos.
1205 3910 1267 3968 S.

254 3999 389 4055 145.
434 3998 524 4049 13.
567 3992 843 4047 sexcenti.
926 3989 986 4047 S.

250 4076 388 4129 151.
467 4077 521 4128 6.
563 4069 1037 4139 Psammitichus,
1074 4071 1157 4143 (et
1178 4074 1256 4128 sic
1279 4068 1570 4142 deinceps.)
1656 4070 1718 4125 S.

250 4154 394 4215 176.
471 4155 526 4208 6.
568 4151 691 4207 sive
719 4166 965 4223 quarum
994 4150 1176 4207 altera
1202 4152 1364 4217 hinc,
1395 4150 1587 4211 altera·
1606 4148 1766 4207 illinc
1791 4149 1984 4208 adstat
2010 4150 2236 4225 maiori.
2317 4154 2378 4211 S.

254 4233 388 4287 181.
436 4233 526 4297 12.
566 4229 724 4297 intra
748 4226 1012 4287 animum
1039 4247 1236 4304 suum.
1320 4228 1380 4286 S.
