<?xml version="1.0" encoding="UTF-8"?>
<!DOCTYPE html PUBLIC "-//W3C//DTD XHTML 1.0 Transitional//EN"
    "http://www.w3.org/TR/xhtml1/DTD/xhtml1-transitional.dtd">
<html xmlns="http://www.w3.org/1999/xhtml" xml:lang="en" lang="en">
 <head>
  <title>
</title>
<meta http-equiv="Content-Type" content="text/html;charset=utf-8" />
  <meta name='ocr-system' content='tesseract 3.04.00' />
  <meta name='ocr-capabilities' content='ocr_page ocr_carea ocr_par ocr_line ocrx_word'/>
</head>
<body>
  <div class='ocr_page' id='page_1' title='image "./herodotihistori00schagoog_0326.png"; bbox 0 0 2925 4992; ppageno 0'>
   <div class='ocr_carea' id='block_1_1' title="bbox 525 288 2210 367">
    <p class='ocr_par' dir='ltr' id='par_1_1' title="bbox 525 288 2210 367">
     <span class='ocr_line' id='line_1_1' title="bbox 525 288 2210 367; baseline -0.004 -4"><span class='ocrx_word' id='word_1_1' title='bbox 525 308 648 367; x_wconf 68' lang='lat'>320</span> <span class='ocrx_word' id='word_1_2' title='bbox 877 304 884 311; x_wconf 74' lang='grc'>’</span> <span class='ocrx_word' id='word_1_3' title='bbox 1080 295 1591 361; x_wconf 81' lang='lat' dir='ltr'>HERODOTI</span> <span class='ocrx_word' id='word_1_4' title='bbox 1658 288 2029 359; x_wconf 82' lang='lat' dir='ltr'><strong>HISTOR.</strong></span> <span class='ocrx_word' id='word_1_5' title='bbox 2074 298 2210 357; x_wconf 82' lang='lat' dir='ltr'>VH.</span> 
     </span>
    </p>
   </div>
   <div class='ocr_carea' id='block_1_2' title="bbox 506 446 2741 2664">
    <p class='ocr_par' dir='ltr' id='par_1_2' title="bbox 506 446 2740 1325">
     <span class='ocr_line' id='line_1_2' title="bbox 506 446 2738 537; baseline -0.001 -15"><span class='ocrx_word' id='word_1_6' title='bbox 506 464 774 523; x_wconf 67' lang='lat' dir='ltr'>alterum</span> <span class='ocrx_word' id='word_1_7' title='bbox 813 458 1049 537; x_wconf 73' lang='lat' dir='ltr'>quidem</span> <span class='ocrx_word' id='word_1_8' title='bbox 1085 477 1122 517; x_wconf 86' lang='lat' dir='ltr'>e</span> <span class='ocrx_word' id='word_1_9' title='bbox 1159 458 1469 533; x_wconf 85' lang='lat' dir='ltr'>pontibus,</span> <span class='ocrx_word' id='word_1_10' title='bbox 1497 458 1600 533; x_wconf 86' lang='lat' dir='ltr'>qui</span> <span class='ocrx_word' id='word_1_11' title='bbox 1640 456 1899 515; x_wconf 83' lang='lat' dir='ltr'>Pontu&#39;m</span> <span class='ocrx_word' id='word_1_12' title='bbox 1924 446 2235 517; x_wconf 82' lang='lat' dir='ltr'>Euxinum</span> <span class='ocrx_word' id='word_1_13' title='bbox 2276 461 2603 535; x_wconf 79' lang='lat' dir='ltr'><strong>spectabat,</strong></span> <span class='ocrx_word' id='word_1_14' title='bbox 2630 480 2738 537; x_wconf 86' lang='lat' dir='ltr'>pe-</span> 
     </span>
     <span class='ocr_line' id='line_1_3' title="bbox 521 538 2736 613; baseline 0 -14"><span class='ocrx_word' id='word_1_15' title='bbox 521 543 732 599; x_wconf 84' lang='lat' dir='ltr'>destris</span> <span class='ocrx_word' id='word_1_16' title='bbox 773 541 1055 597; x_wconf 84' lang='lat' dir='ltr'>transibat</span> <span class='ocrx_word' id='word_1_17' title='bbox 1095 538 1382 595; x_wconf 85' lang='lat' dir='ltr'>exercitus</span> <span class='ocrx_word' id='word_1_18' title='bbox 1411 547 1472 594; x_wconf 91' lang='lat' dir='ltr'>et</span> <span class='ocrx_word' id='word_1_19' title='bbox 1511 538 1810 612; x_wconf 75' lang='lat' dir='ltr'><strong>equitatus</strong></span> <span class='ocrx_word' id='word_1_20' title='bbox 1850 538 2080 593; x_wconf 83' lang='lat' dir='ltr'>omnis:</span> <span class='ocrx_word' id='word_1_21' title='bbox 2127 554 2229 613; x_wconf 88' lang='lat' dir='ltr'>per</span> <span class='ocrx_word' id='word_1_22' title='bbox 2275 539 2530 599; x_wconf 85' lang='lat' dir='ltr'>alterum</span> <span class='ocrx_word' id='word_1_23' title='bbox 2574 560 2736 611; x_wconf 75' lang='lat' dir='ltr'>vero,</span> 
     </span>
     <span class='ocr_line' id='line_1_4' title="bbox 518 613 2737 699; baseline -0 -20"><span class='ocrx_word' id='word_1_24' title='bbox 518 618 732 699; x_wconf 81' lang='lat' dir='ltr'>AEgaeo</span> <span class='ocrx_word' id='word_1_25' title='bbox 758 620 904 677; x_wconf 80' lang='lat' dir='ltr'>mari</span> <span class='ocrx_word' id='word_1_26' title='bbox 948 619 1284 683; x_wconf 81' lang='lat' dir='ltr'>obversum,</span> <span class='ocrx_word' id='word_1_27' title='bbox 1305 613 1578 688; x_wconf 87' lang='lat' dir='ltr'>jumenta</span> <span class='ocrx_word' id='word_1_28' title='bbox 1616 633 1753 673; x_wconf 83' lang='lat' dir='ltr'>cum</span> <span class='ocrx_word' id='word_1_29' title='bbox 1791 616 2247 691; x_wconf 85' lang='lat' dir='ltr'>impedimentis,</span> <span class='ocrx_word' id='word_1_30' title='bbox 2280 626 2339 675; x_wconf 83' lang='lat' dir='ltr'>et</span> <span class='ocrx_word' id='word_1_31' title='bbox 2368 621 2737 679; x_wconf 85' lang='lat' dir='ltr'>famulorum</span> 
     </span>
     <span class='ocr_line' id='line_1_5' title="bbox 518 692 2738 773; baseline 0 -17"><span class='ocrx_word' id='word_1_32' title='bbox 518 701 712 757; x_wconf 84' lang='lat' dir='ltr'>turba.</span> <span class='ocrx_word' id='word_1_33' title='bbox 793 696 1206 757; x_wconf 81' lang='lat' dir='ltr'>Praecedebant</span> <span class='ocrx_word' id='word_1_34' title='bbox 1231 696 1422 753; x_wconf 81' lang='lat' dir='ltr'>decies</span> <span class='ocrx_word' id='word_1_35' title='bbox 1450 694 1615 752; x_wconf 86' lang='lat' dir='ltr'>mille</span> <span class='ocrx_word' id='word_1_36' title='bbox 1640 694 1853 761; x_wconf 84' lang='lat' dir='ltr'>Persae,</span> <span class='ocrx_word' id='word_1_37' title='bbox 1884 692 2146 751; x_wconf 83' lang='lat' dir='ltr'>coronati</span> <span class='ocrx_word' id='word_1_38' title='bbox 2178 714 2425 755; x_wconf 87' lang='lat' dir='ltr'>omnes:</span> <span class='ocrx_word' id='word_1_39' title='bbox 2471 717 2622 773; x_wconf 89' lang='lat' dir='ltr'>quos</span> <span class='ocrx_word' id='word_1_40' title='bbox 2650 719 2738 757; x_wconf 83' lang='lat' dir='ltr'>se-</span> 
     </span>
     <span class='ocr_line' id='line_1_6' title="bbox 519 775 2738 855; baseline 0.001 -20"><span class='ocrx_word' id='word_1_41' title='bbox 519 781 812 855; x_wconf 83' lang='lat' dir='ltr'>quebatur</span> <span class='ocrx_word' id='word_1_42' title='bbox 837 778 1078 842; x_wconf 86' lang='lat' dir='ltr'>mixtus,</span> <span class='ocrx_word' id='word_1_43' title='bbox 1107 792 1284 849; x_wconf 88' lang='lat' dir='ltr'>quem</span> <span class='ocrx_word' id='word_1_44' title='bbox 1311 775 1453 841; x_wconf 85' lang='lat' dir='ltr'><strong>dixi,</strong></span> <span class='ocrx_word' id='word_1_45' title='bbox 1482 792 1556 829; x_wconf 87' lang='lat' dir='ltr'>ex</span> <span class='ocrx_word' id='word_1_46' title='bbox 1584 775 1762 831; x_wconf 89' lang='lat' dir='ltr'>variis</span> <span class='ocrx_word' id='word_1_47' title='bbox 1784 775 2021 848; x_wconf 89' lang='lat' dir='ltr'>populis</span> <span class='ocrx_word' id='word_1_48' title='bbox 2049 776 2352 833; x_wconf 86' lang='lat' dir='ltr'>exercitus.</span> <span class='ocrx_word' id='word_1_49' title='bbox 2425 778 2513 835; x_wconf 91' lang='lat' dir='ltr'>Hi</span> <span class='ocrx_word' id='word_1_50' title='bbox 2543 780 2738 853; x_wconf 83' lang='lat' dir='ltr'>primo</span> 
     </span>
     <span class='ocr_line' id='line_1_7' title="bbox 517 854 2737 929; baseline 0.001 -16"><span class='ocrx_word' id='word_1_51' title='bbox 517 860 630 915; x_wconf 84' lang='lat' dir='ltr'>die.</span> <span class='ocrx_word' id='word_1_52' title='bbox 711 856 1020 921; x_wconf 84' lang='lat' dir='ltr'>Postridie,</span> <span class='ocrx_word' id='word_1_53' title='bbox 1049 857 1304 929; x_wconf 86' lang='lat' dir='ltr'>primum</span> <span class='ocrx_word' id='word_1_54' title='bbox 1346 854 1593 928; x_wconf 81' lang='lat' dir='ltr'><strong>equites,</strong></span> <span class='ocrx_word' id='word_1_55' title='bbox 1625 862 1685 909; x_wconf 87' lang='lat' dir='ltr'>et</span> <span class='ocrx_word' id='word_1_56' title='bbox 1712 854 1797 909; x_wconf 89' lang='lat' dir='ltr'>illi</span> <span class='ocrx_word' id='word_1_57' title='bbox 1828 855 1931 927; x_wconf 88' lang='lat' dir='ltr'>qui</span> <span class='ocrx_word' id='word_1_58' title='bbox 1972 854 2201 910; x_wconf 83' lang='lat' dir='ltr'>lanceas</span> <span class='ocrx_word' id='word_1_59' title='bbox 2228 856 2300 911; x_wconf 89' lang='lat' dir='ltr'>ad</span> <span class='ocrx_word' id='word_1_60' title='bbox 2344 864 2565 914; x_wconf 87' lang='lat' dir='ltr'>terram</span> <span class='ocrx_word' id='word_1_61' title='bbox 2595 876 2737 915; x_wconf 89' lang='lat' dir='ltr'>con-</span> 
     </span>
     <span class='ocr_line' id='line_1_8' title="bbox 515 930 2740 1009; baseline -0 -16"><span class='ocrx_word' id='word_1_62' title='bbox 515 952 712 993; x_wconf 85' lang='lat' dir='ltr'>versas</span> <span class='ocrx_word' id='word_1_63' title='bbox 741 936 1084 1009; x_wconf 78' lang='lat' dir='ltr'>gestabant3</span> <span class='ocrx_word' id='word_1_64' title='bbox 1117 932 1298 989; x_wconf 83' lang='lat' dir='ltr'>etiam</span> <span class='ocrx_word' id='word_1_65' title='bbox 1319 933 1378 988; x_wconf 91' lang='lat' dir='ltr'>hi</span> <span class='ocrx_word' id='word_1_66' title='bbox 1399 933 1659 988; x_wconf 83' lang='lat' dir='ltr'>coronati</span> <span class='ocrx_word' id='word_1_67' title='bbox 1684 947 1700 985; x_wconf 89' lang='lat'>:</span> <span class='ocrx_word' id='word_1_68' title='bbox 1738 930 1949 988; x_wconf 87' lang='lat' dir='ltr'>deinde</span> <span class='ocrx_word' id='word_1_69' title='bbox 1973 932 2295 1007; x_wconf 74' lang='lat' dir='ltr'>equisaeti,</span> <span class='ocrx_word' id='word_1_70' title='bbox 2324 942 2384 991; x_wconf 89' lang='lat' dir='ltr'>et</span> <span class='ocrx_word' id='word_1_71' title='bbox 2408 954 2575 993; x_wconf 88' lang='lat' dir='ltr'>sacer</span> <span class='ocrx_word' id='word_1_72' title='bbox 2604 955 2740 995; x_wconf 85' lang='lat' dir='ltr'>cur--</span> 
     </span>
     <span class='ocr_line' id='line_1_9' title="bbox 517 1008 2737 1091; baseline -0.001 -18"><span class='ocrx_word' id='word_1_73' title='bbox 517 1032 620 1073; x_wconf 89' lang='lat' dir='ltr'>rus</span> <span class='ocrx_word' id='word_1_74' title='bbox 646 1030 665 1069; x_wconf 71' lang='grc' dir='ltr'><strong>ε</strong></span> <span class='ocrx_word' id='word_1_75' title='bbox 709 1022 836 1071; x_wconf 86' lang='lat' dir='ltr'>turn</span> <span class='ocrx_word' id='word_1_76' title='bbox 862 1015 984 1087; x_wconf 87' lang='lat' dir='ltr'>ipse</span> <span class='ocrx_word' id='word_1_77' title='bbox 1010 1012 1236 1069; x_wconf 78' lang='lat' dir='ltr'>Xerxes</span> <span class='ocrx_word' id='word_1_78' title='bbox 1265 1028 1400 1067; x_wconf 87' lang='lat' dir='ltr'>eum</span> <span class='ocrx_word' id='word_1_79' title='bbox 1433 1012 1679 1067; x_wconf 85' lang='lat' dir='ltr'>hastatis</span> <span class='ocrx_word' id='word_1_80' title='bbox 1706 1022 1763 1067; x_wconf 91' lang='lat' dir='ltr'>et</span> <span class='ocrx_word' id='word_1_81' title='bbox 1792 1029 1926 1067; x_wconf 86' lang='lat' dir='ltr'>cum</span> <span class='ocrx_word' id='word_1_82' title='bbox 1953 1008 2141 1077; x_wconf 88' lang='lat' dir='ltr'>mille,</span> <span class='ocrx_word' id='word_1_83' title='bbox 2168 1030 2316 1086; x_wconf 90' lang='lat' dir='ltr'>quos</span> <span class='ocrx_word' id='word_1_84' title='bbox 2344 1014 2487 1081; x_wconf 84' lang='lat' dir='ltr'>dixi,</span> <span class='ocrx_word' id='word_1_85' title='bbox 2520 1018 2737 1091; x_wconf 79' lang='lat' dir='ltr'>equiti-</span> 
     </span>
     <span class='ocr_line' id='line_1_10' title="bbox 517 1090 2733 1168; baseline 0 -17"><span class='ocrx_word' id='word_1_86' title='bbox 517 1096 648 1151; x_wconf 63' lang='lat' dir='ltr'>bus».</span> <span class='ocrx_word' id='word_1_87' title='bbox 725 1092 956 1149; x_wconf 86' lang='lat' dir='ltr'>Deinde</span> <span class='ocrx_word' id='word_1_88' title='bbox 983 1092 1242 1163; x_wconf 88' lang='lat' dir='ltr'>reliquus</span> <span class='ocrx_word' id='word_1_89' title='bbox 1277 1091 1601 1146; x_wconf 86' lang='lat' dir='ltr'>exercitus:</span> <span class='ocrx_word' id='word_1_90' title='bbox 1648 1090 1941 1164; x_wconf 89' lang='lat' dir='ltr'>simulque</span> <span class='ocrx_word' id='word_1_91' title='bbox 1967 1108 2143 1147; x_wconf 88' lang='lat' dir='ltr'>naves</span> <span class='ocrx_word' id='word_1_92' title='bbox 2174 1092 2229 1147; x_wconf 90' lang='lat' dir='ltr'>in</span> <span class='ocrx_word' id='word_1_93' title='bbox 2258 1095 2604 1168; x_wconf 87' lang='lat' dir='ltr'>oppositum</span> <span class='ocrx_word' id='word_1_94' title='bbox 2632 1096 2733 1153; x_wconf 83' lang='lat' dir='ltr'>lit-</span> 
     </span>
     <span class='ocr_line' id='line_1_11' title="bbox 517 1169 2736 1248; baseline 0 -17"><span class='ocrx_word' id='word_1_95' title='bbox 517 1182 618 1231; x_wconf 83' lang='lat' dir='ltr'>tus</span> <span class='ocrx_word' id='word_1_96' title='bbox 661 1171 1203 1228; x_wconf 86' lang='lat' dir='ltr'>transducebantur.</span> <span class='ocrx_word' id='word_1_97' title='bbox 1283 1170 1687 1225; x_wconf 87' lang='lat' dir='ltr'>Memoratum</span> <span class='ocrx_word' id='word_1_98' title='bbox 1715 1186 1853 1225; x_wconf 82' lang='lat' dir='ltr'>vero</span> <span class='ocrx_word' id='word_1_99' title='bbox 1885 1169 2065 1227; x_wconf 87' lang='lat' dir='ltr'>etiam</span> <span class='ocrx_word' id='word_1_100' title='bbox 2108 1170 2331 1239; x_wconf 88' lang='lat' dir='ltr'>audivi,</span> <span class='ocrx_word' id='word_1_101' title='bbox 2364 1184 2736 1248; x_wconf 85' lang='lat' dir='ltr'>postremum</span> 
     </span>
     <span class='ocr_line' id='line_1_12' title="bbox 517 1248 1370 1325; baseline -0.004 -17"><span class='ocrx_word' id='word_1_102' title='bbox 517 1252 791 1308; x_wconf 87' lang='lat' dir='ltr'>omnium</span> <span class='ocrx_word' id='word_1_103' title='bbox 821 1266 1023 1325; x_wconf 86' lang='lat' dir='ltr'>regem</span> <span class='ocrx_word' id='word_1_104' title='bbox 1049 1248 1370 1305; x_wconf 80' lang='lat' dir='ltr'>transiisse.</span> 
     </span>
    </p>

    <p class='ocr_par' dir='ltr' id='par_1_3' title="bbox 516 1320 2737 1939">
     <span class='ocr_line' id='line_1_13' title="bbox 547 1320 2733 1403; baseline 0.003 -20"><span class='ocrx_word' id='word_1_105' title='bbox 547 1364 562 1403; x_wconf 91' lang='lat'>.·</span> <span class='ocrx_word' id='word_1_106' title='bbox 599 1334 692 1386; x_wconf 82' lang='lat'>56.</span> <span class='ocrx_word' id='word_1_107' title='bbox 733 1329 1054 1403; x_wconf 81' lang='lat' dir='ltr'>Postquam</span> <span class='ocrx_word' id='word_1_108' title='bbox 1081 1326 1143 1383; x_wconf 90' lang='lat' dir='ltr'>in</span> <span class='ocrx_word' id='word_1_109' title='bbox 1173 1328 1469 1401; x_wconf 83' lang='lat' dir='ltr'><strong>Europam</strong></span> <span class='ocrx_word' id='word_1_110' title='bbox 1494 1325 1720 1383; x_wconf 83' lang='lat' dir='ltr'>Xerxes</span> <span class='ocrx_word' id='word_1_111' title='bbox 1746 1320 2075 1397; x_wconf 85' lang='lat' dir='ltr'>trajecerat,</span> <span class='ocrx_word' id='word_1_112' title='bbox 2099 1330 2383 1402; x_wconf 86' lang='lat' dir='ltr'>spectavit</span> <span class='ocrx_word' id='word_1_113' title='bbox 2406 1332 2733 1391; x_wconf 84' lang='lat' dir='ltr'>exercitum</span> 
     </span>
     <span class='ocr_line' id='line_1_14' title="bbox 520 1405 2734 1485; baseline 0 -19"><span class='ocrx_word' id='word_1_114' title='bbox 520 1409 629 1467; x_wconf 91' lang='lat' dir='ltr'>sub</span> <span class='ocrx_word' id='word_1_115' title='bbox 657 1408 908 1483; x_wconf 83' lang='lat' dir='ltr'>flagellis</span> <span class='ocrx_word' id='word_1_116' title='bbox 941 1417 1358 1464; x_wconf 84' lang='lat' dir='ltr'>transeuntem.</span> <span class='ocrx_word' id='word_1_117' title='bbox 1438 1406 1491 1463; x_wconf 87' lang='lat' dir='ltr'>T</span> <span class='ocrx_word' id='word_1_118' title='bbox 1496 1405 1745 1463; x_wconf 86' lang='lat' dir='ltr'>ransivit</span> <span class='ocrx_word' id='word_1_119' title='bbox 1772 1415 1967 1463; x_wconf 82' lang='lat' dir='ltr'>autem</span> <span class='ocrx_word' id='word_1_120' title='bbox 2011 1409 2296 1465; x_wconf 85' lang='lat' dir='ltr'>exercitus</span> <span class='ocrx_word' id='word_1_121' title='bbox 2326 1421 2555 1485; x_wconf 86' lang='lat' dir='ltr'>septem</span> <span class='ocrx_word' id='word_1_122' title='bbox 2586 1430 2734 1469; x_wconf 85' lang='lat' dir='ltr'>con·</span> 
     </span>
     <span class='ocr_line' id='line_1_15' title="bbox 517 1484 2735 1560; baseline 0.001 -16"><span class='ocrx_word' id='word_1_123' title='bbox 517 1484 702 1545; x_wconf 49' lang='lat' dir='ltr'>tin‘uis</span> <span class='ocrx_word' id='word_1_124' title='bbox 753 1488 982 1552; x_wconf 82' lang='lat' dir='ltr'>diebus,</span> <span class='ocrx_word' id='word_1_125' title='bbox 1027 1494 1370 1559; x_wconf 81' lang='lat' dir='ltr'>septemque</span> <span class='ocrx_word' id='word_1_126' title='bbox 1421 1485 1717 1550; x_wconf 83' lang='lat' dir='ltr'>noctibus,</span> <span class='ocrx_word' id='word_1_127' title='bbox 1761 1485 1924 1541; x_wconf 82' lang='lat' dir='ltr'>nulla</span> <span class='ocrx_word' id='word_1_128' title='bbox 1972 1486 2319 1560; x_wconf 87' lang='lat' dir='ltr'>interposita</span> <span class='ocrx_word' id='word_1_129' title='bbox 2364 1506 2553 1545; x_wconf 84' lang='lat' dir='ltr'>mora.</span> <span class='ocrx_word' id='word_1_130' title='bbox 2640 1490 2735 1549; x_wconf 87' lang='lat' dir='ltr'>Ibi</span> 
     </span>
     <span class='ocr_line' id='line_1_16' title="bbox 516 1562 2732 1643; baseline 0.001 -20"><span class='ocrx_word' id='word_1_131' title='bbox 516 1574 680 1633; x_wconf 79' lang='lat' dir='ltr'>tunc,</span> <span class='ocrx_word' id='word_1_132' title='bbox 711 1581 896 1640; x_wconf 86' lang='lat' dir='ltr'>quum</span> <span class='ocrx_word' id='word_1_133' title='bbox 928 1562 1055 1637; x_wconf 82' lang='lat' dir='ltr'>jam</span> <span class='ocrx_word' id='word_1_134' title='bbox 1097 1566 1424 1621; x_wconf 81' lang='lat' dir='ltr'>transiisset</span> <span class='ocrx_word' id='word_1_135' title='bbox 1463 1562 1712 1629; x_wconf 78' lang='lat' dir='ltr'>XerxeS,</span> <span class='ocrx_word' id='word_1_136' title='bbox 1740 1571 1977 1621; x_wconf 81' lang='lat' dir='ltr'>narrant</span> <span class='ocrx_word' id='word_1_137' title='bbox 2020 1565 2209 1621; x_wconf 89' lang='lat' dir='ltr'>virum</span> <span class='ocrx_word' id='word_1_138' title='bbox 2243 1566 2732 1643; x_wconf 87' lang='lat' dir='ltr'>Hellespontium</span> 
     </span>
     <span class='ocr_line' id='line_1_17' title="bbox 517 1642 2737 1717; baseline 0.001 -14"><span class='ocrx_word' id='word_1_139' title='bbox 517 1642 731 1703; x_wconf 78' lang='lat' dir='ltr'>dixisse</span> <span class='ocrx_word' id='word_1_140' title='bbox 749 1670 765 1715; x_wconf 79' lang='lat'><em>3</em></span> <span class='ocrx_word' id='word_1_141' title='bbox 815 1651 858 1678; x_wconf 87' lang='lat'><strong><em>“</em></strong></span> <span class='ocrx_word' id='word_1_142' title='bbox 887 1646 941 1699; x_wconf 94' lang='grc' dir='ltr'>Ο</span> <span class='ocrx_word' id='word_1_143' title='bbox 968 1642 1237 1717; x_wconf 81' lang='lat' dir='ltr'>Jupiter!</span> <span class='ocrx_word' id='word_1_144' title='bbox 1285 1661 1390 1698; x_wconf 89' lang='lat' dir='ltr'>cur</span> <span class='ocrx_word' id='word_1_145' title='bbox 1421 1642 1671 1699; x_wconf 78' lang='lat' dir='ltr'>formam</span> <span class='ocrx_word' id='word_1_146' title='bbox 1703 1644 2020 1701; x_wconf 85' lang='lat' dir='ltr'>adsumens</span> <span class='ocrx_word' id='word_1_147' title='bbox 2050 1644 2159 1699; x_wconf 90' lang='lat' dir='ltr'>viri</span> <span class='ocrx_word' id='word_1_148' title='bbox 2186 1646 2396 1714; x_wconf 85' lang='lat' dir='ltr'>Persae,</span> <span class='ocrx_word' id='word_1_149' title='bbox 2426 1658 2485 1703; x_wconf 89' lang='lat' dir='ltr'>et</span> <span class='ocrx_word' id='word_1_150' title='bbox 2518 1666 2737 1707; x_wconf 84' lang='lat' dir='ltr'>nomen</span> 
     </span>
     <span class='ocr_line' id='line_1_18' title="bbox 519 1722 2733 1793; baseline -0 -11"><span class='ocrx_word' id='word_1_151' title='bbox 519 1732 562 1758; x_wconf 88' lang='lat'><strong>“</strong></span> <span class='ocrx_word' id='word_1_152' title='bbox 591 1725 806 1781; x_wconf 81' lang='lat' dir='ltr'>Xerxis</span> <span class='ocrx_word' id='word_1_153' title='bbox 853 1725 986 1780; x_wconf 87' lang='lat' dir='ltr'>loco</span> <span class='ocrx_word' id='word_1_154' title='bbox 1037 1724 1207 1778; x_wconf 76' lang='lat' dir='ltr'>,lovis</span> <span class='ocrx_word' id='word_1_155' title='bbox 1258 1722 1611 1789; x_wconf 86' lang='lat' dir='ltr'>adsciscens,</span> <span class='ocrx_word' id='word_1_156' title='bbox 1654 1730 1939 1783; x_wconf 55' lang='lat' dir='ltr'>evertere.</span> <span class='ocrx_word' id='word_1_157' title='bbox 1964 1722 2049 1777; x_wconf 91' lang='lat' dir='ltr'>vis</span> <span class='ocrx_word' id='word_1_158' title='bbox 2096 1724 2410 1793; x_wconf 86' lang='lat' dir='ltr'>Graeciam‚</span> <span class='ocrx_word' id='word_1_159' title='bbox 2457 1728 2733 1785; x_wconf 82' lang='lat' dir='ltr'>homines</span> 
     </span>
     <span class='ocr_line' id='line_1_19' title="bbox 519 1800 2737 1882; baseline 0 -22"><span class='ocrx_word' id='word_1_160' title='bbox 519 1810 565 1837; x_wconf 90' lang='lat'><strong>“</strong></span> <span class='ocrx_word' id='word_1_161' title='bbox 595 1820 806 1859; x_wconf 87' lang='lat' dir='ltr'>omnes</span> <span class='ocrx_word' id='word_1_162' title='bbox 835 1803 1110 1859; x_wconf 86' lang='lat' dir='ltr'>adversus</span> <span class='ocrx_word' id='word_1_163' title='bbox 1137 1820 1270 1857; x_wconf 87' lang='lat' dir='ltr'>eam</span> <span class='ocrx_word' id='word_1_164' title='bbox 1309 1800 1525 1857; x_wconf 87' lang='lat' dir='ltr'>ducens</span> <span class='ocrx_word' id='word_1_165' title='bbox 1550 1805 1571 1856; x_wconf 71' lang='grc' dir='ltr'><strong>ἓ</strong></span> <span class='ocrx_word' id='word_1_166' title='bbox 1612 1800 1792 1873; x_wconf 85' lang='lat' dir='ltr'>Atqui</span> <span class='ocrx_word' id='word_1_167' title='bbox 1832 1800 2051 1873; x_wconf 86' lang='lat' dir='ltr'>absque</span> <span class='ocrx_word' id='word_1_168' title='bbox 2093 1802 2185 1859; x_wconf 88' lang='lat' dir='ltr'>his</span> <span class='ocrx_word' id='word_1_169' title='bbox 2230 1804 2427 1861; x_wconf 85' lang='lat' dir='ltr'>facere</span> <span class='ocrx_word' id='word_1_170' title='bbox 2454 1808 2569 1863; x_wconf 82' lang='lat' dir='ltr'>hoc</span> <span class='ocrx_word' id='word_1_171' title='bbox 2594 1818 2737 1882; x_wconf 88' lang='lat' dir='ltr'>pot-</span> 
     </span>
     <span class='ocr_line' id='line_1_20' title="bbox 519 1886 779 1939; baseline -0.012 1"><span class='ocrx_word' id='word_1_172' title='bbox 519 1889 566 1915; x_wconf 88' lang='lat'><strong>“</strong></span> <span class='ocrx_word' id='word_1_173' title='bbox 593 1886 779 1939; x_wconf 83' lang='lat' dir='ltr'>eras.’&#39;</span> 
     </span>
    </p>

    <p class='ocr_par' dir='ltr' id='par_1_4' title="bbox 513 1957 2741 2664">
     <span class='ocr_line' id='line_1_21' title="bbox 547 1957 2739 2039; baseline 0.003 -22"><span class='ocrx_word' id='word_1_174' title='bbox 547 1998 554 2005; x_wconf 79' lang='lat'><strong>·</strong></span> <span class='ocrx_word' id='word_1_175' title='bbox 597 1966 692 2023; x_wconf 80' lang='grc'>57.</span> <span class='ocrx_word' id='word_1_176' title='bbox 729 1960 1134 2035; x_wconf 82' lang='lat' dir='ltr'>Transgressis</span> <span class='ocrx_word' id='word_1_177' title='bbox 1163 1957 1462 2022; x_wconf 78' lang='lat' dir='ltr'>omnibuS,</span> <span class='ocrx_word' id='word_1_178' title='bbox 1490 1965 1549 2014; x_wconf 91' lang='lat' dir='ltr'>et</span> <span class='ocrx_word' id='word_1_179' title='bbox 1577 1959 1687 2014; x_wconf 88' lang='lat' dir='ltr'>iter</span> <span class='ocrx_word' id='word_1_180' title='bbox 1713 1958 1956 2015; x_wconf 86' lang='lat' dir='ltr'>ulterius</span> <span class='ocrx_word' id='word_1_181' title='bbox 1998 1960 2485 2035; x_wconf 84' lang='lat' dir='ltr'>ingredientibus,</span> <span class='ocrx_word' id='word_1_182' title='bbox 2514 1964 2739 2039; x_wconf 84' lang='lat' dir='ltr'>ingens</span> 
     </span>
     <span class='ocr_line' id='line_1_22' title="bbox 515 2031 2737 2113; baseline 0.003 -18"><span class='ocrx_word' id='word_1_183' title='bbox 515 2040 782 2096; x_wconf 78' lang='lat' dir='ltr'>oblatum</span> <span class='ocrx_word' id='word_1_184' title='bbox 838 2047 928 2094; x_wconf 81' lang='lat' dir='ltr'>est</span> <span class='ocrx_word' id='word_1_185' title='bbox 979 2039 1314 2109; x_wconf 81' lang='lat' dir='ltr'>prodigium,</span> <span class='ocrx_word' id='word_1_186' title='bbox 1369 2031 1541 2106; x_wconf 86' lang='lat' dir='ltr'>cujus</span> <span class='ocrx_word' id='word_1_187' title='bbox 1598 2038 1884 2094; x_wconf 87' lang='lat' dir='ltr'>rationem</span> <span class='ocrx_word' id='word_1_188' title='bbox 1942 2039 2166 2095; x_wconf 86' lang='lat' dir='ltr'>nullam</span> <span class='ocrx_word' id='word_1_189' title='bbox 2218 2041 2445 2097; x_wconf 83' lang='lat' dir='ltr'>Xerxes</span> <span class='ocrx_word' id='word_1_190' title='bbox 2501 2042 2737 2113; x_wconf 86' lang='lat' dir='ltr'>habuit,</span> 
     </span>
     <span class='ocr_line' id='line_1_23' title="bbox 515 2110 2737 2197; baseline -0.001 -22"><span class='ocrx_word' id='word_1_191' title='bbox 515 2118 785 2192; x_wconf 84' lang='lat' dir='ltr'>quamvis</span> <span class='ocrx_word' id='word_1_192' title='bbox 821 2116 1008 2173; x_wconf 79' lang='lat' dir='ltr'>facilis</span> <span class='ocrx_word' id='word_1_193' title='bbox 1052 2116 1259 2173; x_wconf 88' lang='lat' dir='ltr'>fuisset</span> <span class='ocrx_word' id='word_1_194' title='bbox 1285 2110 1413 2185; x_wconf 85' lang='lat' dir='ltr'>ejus</span> <span class='ocrx_word' id='word_1_195' title='bbox 1453 2116 1896 2191; x_wconf 81' lang='lat' dir='ltr'>interpretatio:</span> <span class='ocrx_word' id='word_1_196' title='bbox 1939 2134 2091 2190; x_wconf 88' lang='lat' dir='ltr'>equa</span> <span class='ocrx_word' id='word_1_197' title='bbox 2130 2121 2293 2175; x_wconf 88' lang='lat' dir='ltr'>enim</span> <span class='ocrx_word' id='word_1_198' title='bbox 2333 2121 2599 2194; x_wconf 89' lang='lat' dir='ltr'>leporem</span> <span class='ocrx_word' id='word_1_199' title='bbox 2630 2140 2737 2197; x_wconf 83' lang='lat' dir='ltr'>pe-</span> 
     </span>
     <span class='ocr_line' id='line_1_24' title="bbox 513 2194 2739 2273; baseline 0.002 -19"><span class='ocrx_word' id='word_1_200' title='bbox 513 2197 687 2273; x_wconf 88' lang='lat' dir='ltr'>perit.</span> <span class='ocrx_word' id='word_1_201' title='bbox 767 2196 964 2253; x_wconf 80' lang='lat' dir='ltr'>Facile</span> <span class='ocrx_word' id='word_1_202' title='bbox 988 2202 1186 2252; x_wconf 83' lang='lat' dir='ltr'>autem</span> <span class='ocrx_word' id='word_1_203' title='bbox 1214 2203 1339 2251; x_wconf 83' lang='lat' dir='ltr'>erat</span> <span class='ocrx_word' id='word_1_204' title='bbox 1363 2194 1511 2250; x_wconf 84' lang='lat' dir='ltr'>illud</span> <span class='ocrx_word' id='word_1_205' title='bbox 1534 2194 1595 2250; x_wconf 89' lang='lat' dir='ltr'>in</span> <span class='ocrx_word' id='word_1_206' title='bbox 1624 2196 1772 2251; x_wconf 79' lang='lat' dir='ltr'>hane</span> <span class='ocrx_word' id='word_1_207' title='bbox 1801 2205 2022 2268; x_wconf 85' lang='lat' dir='ltr'>partem</span> <span class='ocrx_word' id='word_1_208' title='bbox 2068 2198 2459 2273; x_wconf 86' lang='lat' dir='ltr'>interpretari,</span> <span class='ocrx_word' id='word_1_209' title='bbox 2492 2200 2739 2259; x_wconf 74' lang='lat' dir='ltr'>Xerxem</span> 
     </span>
     <span class='ocr_line' id='line_1_25' title="bbox 515 2273 2739 2351; baseline 0.002 -16"><span class='ocrx_word' id='word_1_210' title='bbox 515 2278 723 2351; x_wconf 73' lang='lat' dir='ltr'>ingenti</span> <span class='ocrx_word' id='word_1_211' title='bbox 747 2277 960 2349; x_wconf 77' lang='lat' dir='ltr'>quidem</span> <span class='ocrx_word' id='word_1_212' title='bbox 983 2273 1152 2348; x_wconf 80' lang='lat' dir='ltr'>fastu</span> <span class='ocrx_word' id='word_1_213' title='bbox 1179 2281 1233 2329; x_wconf 81' lang='lat' dir='ltr'>et</span> <span class='ocrx_word' id='word_1_214' title='bbox 1261 2275 1658 2349; x_wconf 68' lang='lat' dir='ltr'>niagnifimtia</span> <span class='ocrx_word' id='word_1_215' title='bbox 1698 2277 1996 2331; x_wconf 77' lang='lat' dir='ltr'>exereitum</span> <span class='ocrx_word' id='word_1_216' title='bbox 2035 2292 2190 2333; x_wconf 79' lang='lat' dir='ltr'>suum</span> <span class='ocrx_word' id='word_1_217' title='bbox 2216 2281 2511 2335; x_wconf 77' lang='lat' dir='ltr'>ducturam</span> <span class='ocrx_word' id='word_1_218' title='bbox 2536 2298 2651 2339; x_wconf 83' lang='lat' dir='ltr'>esse</span> <span class='ocrx_word' id='word_1_219' title='bbox 2676 2286 2739 2339; x_wconf 82' lang='lat' dir='ltr'>in</span> 
     </span>
     <span class='ocr_line' id='line_1_26' title="bbox 524 2355 2733 2427; baseline 0.003 -15"><span class='ocrx_word' id='word_1_220' title='bbox 524 2356 810 2422; x_wconf 84' lang='lat' dir='ltr'>Graeciam,</span> <span class='ocrx_word' id='word_1_221' title='bbox 839 2355 932 2411; x_wconf 83' lang='lat' dir='ltr'>sed</span> <span class='ocrx_word' id='word_1_222' title='bbox 967 2357 1164 2409; x_wconf 82' lang='lat' dir='ltr'>circum</span> <span class='ocrx_word' id='word_1_223' title='bbox 1193 2371 1248 2408; x_wconf 81' lang='lat' dir='ltr'>se</span> <span class='ocrx_word' id='word_1_224' title='bbox 1276 2356 1451 2427; x_wconf 80' lang='lat' dir='ltr'>ipsum</span> <span class='ocrx_word' id='word_1_225' title='bbox 1492 2360 1794 2409; x_wconf 79' lang='lat' dir='ltr'>currentem</span> <span class='ocrx_word' id='word_1_226' title='bbox 1822 2356 2062 2410; x_wconf 74' lang='lat' dir='ltr'>eumdem</span> <span class='ocrx_word' id='word_1_227' title='bbox 2100 2358 2157 2410; x_wconf 80' lang='lat' dir='ltr'>in</span> <span class='ocrx_word' id='word_1_228' title='bbox 2182 2357 2354 2413; x_wconf 73' lang='lat' dir='ltr'>locum</span> <span class='ocrx_word' id='word_1_229' title='bbox 2394 2360 2733 2419; x_wconf 78' lang='lat' dir='ltr'>rediturum.</span> 
     </span>
     <span class='ocr_line' id='line_1_27' title="bbox 513 2431 2741 2516; baseline 0.002 -24"><span class='ocrx_word' id='word_1_230' title='bbox 513 2435 691 2493; x_wconf 86' lang='lat' dir='ltr'>Aliud</span> <span class='ocrx_word' id='word_1_231' title='bbox 737 2434 917 2491; x_wconf 84' lang='lat' dir='ltr'>etiam</span> <span class='ocrx_word' id='word_1_232' title='bbox 957 2432 1171 2499; x_wconf 80' lang='lat' dir='ltr'>eidem,</span> <span class='ocrx_word' id='word_1_233' title='bbox 1199 2438 1384 2505; x_wconf 82' lang='lat' dir='ltr'>quum</span> <span class='ocrx_word' id='word_1_234' title='bbox 1418 2431 1695 2488; x_wconf 85' lang='lat' dir='ltr'>Sardibus</span> <span class='ocrx_word' id='word_1_235' title='bbox 1736 2443 2086 2500; x_wconf 87' lang='lat' dir='ltr'>versaretur,</span> <span class='ocrx_word' id='word_1_236' title='bbox 2118 2436 2456 2512; x_wconf 84' lang='lat' dir='ltr'>prodigium</span> <span class='ocrx_word' id='word_1_237' title='bbox 2496 2439 2741 2516; x_wconf 82' lang='lat' dir='ltr'>obtige-</span> 
     </span>
     <span class='ocr_line' id='line_1_28' title="bbox 515 2511 2737 2587; baseline 0.001 -16"><span class='ocrx_word' id='word_1_238' title='bbox 515 2522 640 2585; x_wconf 68' lang='lat' dir='ltr'>rat:</span> <span class='ocrx_word' id='word_1_239' title='bbox 687 2512 888 2570; x_wconf 86' lang='lat' dir='ltr'>mulus</span> <span class='ocrx_word' id='word_1_240' title='bbox 916 2514 1074 2567; x_wconf 86' lang='lat' dir='ltr'>enim</span> <span class='ocrx_word' id='word_1_241' title='bbox 1107 2512 1340 2567; x_wconf 89' lang='lat' dir='ltr'>mulum</span> <span class='ocrx_word' id='word_1_242' title='bbox 1380 2518 1682 2583; x_wconf 85' lang='lat' dir='ltr'>pepererat</span> <span class='ocrx_word' id='word_1_243' title='bbox 1716 2511 1933 2585; x_wconf 85' lang='lat' dir='ltr'>duplex</span> <span class='ocrx_word' id='word_1_244' title='bbox 1972 2514 2231 2587; x_wconf 86' lang='lat' dir='ltr'>genitale</span> <span class='ocrx_word' id='word_1_245' title='bbox 2269 2514 2616 2585; x_wconf 80' lang='lat' dir='ltr'>habentem,</span> <span class='ocrx_word' id='word_1_246' title='bbox 2648 2520 2737 2575; x_wconf 87' lang='lat' dir='ltr'>al-</span> 
     </span>
     <span class='ocr_line' id='line_1_29' title="bbox 513 2588 2735 2664; baseline 0.003 -15"><span class='ocrx_word' id='word_1_247' title='bbox 513 2600 709 2650; x_wconf 85' lang='lat' dir='ltr'>terum</span> <span class='ocrx_word' id='word_1_248' title='bbox 737 2592 938 2658; x_wconf 85' lang='lat' dir='ltr'>maris,</span> <span class='ocrx_word' id='word_1_249' title='bbox 965 2590 1213 2647; x_wconf 86' lang='lat' dir='ltr'>alterurn</span> <span class='ocrx_word' id='word_1_250' title='bbox 1242 2588 1524 2657; x_wconf 84' lang='lat' dir='ltr'>foeminae,</span> <span class='ocrx_word' id='word_1_251' title='bbox 1554 2596 1615 2645; x_wconf 84' lang='lat' dir='ltr'>et</span> <span class='ocrx_word' id='word_1_252' title='bbox 1640 2591 1909 2664; x_wconf 84' lang='lat' dir='ltr'>superins</span> <span class='ocrx_word' id='word_1_253' title='bbox 1934 2592 2175 2664; x_wconf 87' lang='lat' dir='ltr'>quidem</span> <span class='ocrx_word' id='word_1_254' title='bbox 2217 2592 2411 2652; x_wconf 82' lang='lat' dir='ltr'>fuerat</span> <span class='ocrx_word' id='word_1_255' title='bbox 2450 2598 2735 2655; x_wconf 75' lang='lat' dir='ltr'>masculi-</span> 
     </span>
    </p>
   </div>
   <div class='ocr_carea' id='block_1_3' title="bbox 512 2686 2739 2822">
    <p class='ocr_par' dir='ltr' id='par_1_5' title="bbox 512 2686 2739 2822">
     <span class='ocr_line' id='line_1_30' title="bbox 512 2686 2739 2822; baseline 0.004 -20"><span class='ocrx_word' id='word_1_256' title='bbox 512 2686 693 2807; x_wconf 48' lang='grc' dir='ltr'>31ᾳέἑὶ</span> <span class='ocrx_word' id='word_1_257' title='bbox 731 2746 1018 2804; x_wconf 78' lang='lat' dir='ltr'>Neutrius</span> <span class='ocrx_word' id='word_1_258' title='bbox 1073 2747 1286 2803; x_wconf 87' lang='lat' dir='ltr'>horum</span> <span class='ocrx_word' id='word_1_259' title='bbox 1343 2738 1747 2822; x_wconf 72' lang='lat' dir='ltr'>prodigiorum</span> <span class='ocrx_word' id='word_1_260' title='bbox 1801 2746 2026 2803; x_wconf 87' lang='lat' dir='ltr'>ratione</span> <span class='ocrx_word' id='word_1_261' title='bbox 2080 2740 2297 2815; x_wconf 83' lang='lat' dir='ltr'>habita,</span> <span class='ocrx_word' id='word_1_262' title='bbox 2342 2752 2594 2810; x_wconf 85' lang='lat' dir='ltr'>ulterius</span> <span class='ocrx_word' id='word_1_263' title='bbox 2648 2755 2739 2812; x_wconf 82' lang='lat' dir='ltr'>ire</span> 
     </span>
    </p>
   </div>
   <div class='ocr_carea' id='block_1_4' title="bbox 487 2818 2736 4249">
    <p class='ocr_par' dir='ltr' id='par_1_6' title="bbox 508 2818 2736 3770">
     <span class='ocr_line' id='line_1_31' title="bbox 514 2818 2735 2901; baseline 0.003 -15"><span class='ocrx_word' id='word_1_264' title='bbox 514 2827 752 2886; x_wconf 83' lang='lat' dir='ltr'>Xerxes</span> <span class='ocrx_word' id='word_1_265' title='bbox 789 2827 1074 2901; x_wconf 82' lang='lat' dir='ltr'>perrexit,</span> <span class='ocrx_word' id='word_1_266' title='bbox 1101 2818 1338 2883; x_wconf 74' lang='lat' dir='ltr'>et‘eum</span> <span class='ocrx_word' id='word_1_267' title='bbox 1379 2843 1452 2881; x_wconf 91' lang='lat' dir='ltr'>eo</span> <span class='ocrx_word' id='word_1_268' title='bbox 1494 2826 1776 2900; x_wconf 89' lang='lat' dir='ltr'>pedestris</span> <span class='ocrx_word' id='word_1_269' title='bbox 1818 2828 2124 2885; x_wconf 86' lang='lat' dir='ltr'>exercitus.</span> <span class='ocrx_word' id='word_1_270' title='bbox 2204 2827 2425 2888; x_wconf 80' lang='lat' dir='ltr'>Classis</span> <span class='ocrx_word' id='word_1_271' title='bbox 2456 2852 2621 2901; x_wconf 80' lang='lat' dir='ltr'>vern,</span> <span class='ocrx_word' id='word_1_272' title='bbox 2650 2852 2735 2892; x_wconf 74' lang='lat' dir='ltr'>ex</span> 
     </span>
     <span class='ocr_line' id='line_1_32' title="bbox 515 2904 2735 2987; baseline 0.003 -23"><span class='ocrx_word' id='word_1_273' title='bbox 515 2907 909 2981; x_wconf 83' lang='lat' dir='ltr'>Hellesponto</span> <span class='ocrx_word' id='word_1_274' title='bbox 933 2905 1278 2981; x_wconf 81' lang='lat' dir='ltr'>enaviganS,</span> <span class='ocrx_word' id='word_1_275' title='bbox 1297 2910 1514 2960; x_wconf 87' lang='lat' dir='ltr'>terram</span> <span class='ocrx_word' id='word_1_276' title='bbox 1542 2904 1801 2979; x_wconf 83' lang='lat' dir='ltr'>legebat,</span> <span class='ocrx_word' id='word_1_277' title='bbox 1824 2907 2116 2962; x_wconf 87' lang='lat' dir='ltr'>contrario</span> <span class='ocrx_word' id='word_1_278' title='bbox 2143 2909 2512 2982; x_wconf 86' lang='lat' dir='ltr'>pedestribus</span> <span class='ocrx_word' id='word_1_279' title='bbox 2541 2914 2735 2987; x_wconf 86' lang='lat' dir='ltr'>copiis</span> 
     </span>
     <span class='ocr_line' id='line_1_33' title="bbox 514 2983 2735 3064; baseline 0.003 -21"><span class='ocrx_word' id='word_1_280' title='bbox 514 3004 724 3044; x_wconf 67' lang='lat' dir='ltr'>cursus</span> <span class='ocrx_word' id='word_1_281' title='bbox 767 2984 966 3042; x_wconf 81' lang='lat' dir='ltr'>classis</span> <span class='ocrx_word' id='word_1_282' title='bbox 995 2985 1152 3041; x_wconf 86' lang='lat' dir='ltr'>enim</span> <span class='ocrx_word' id='word_1_283' title='bbox 1194 2983 1265 3039; x_wconf 89' lang='lat' dir='ltr'>ad</span> <span class='ocrx_word' id='word_1_284' title='bbox 1309 2984 1676 3040; x_wconf 85' lang='lat' dir='ltr'>occidentem</span> <span class='ocrx_word' id='word_1_285' title='bbox 1706 2986 2036 3059; x_wconf 81' lang='lat' dir='ltr'>navigavit,</span> <span class='ocrx_word' id='word_1_286' title='bbox 2070 3004 2266 3043; x_wconf 84' lang='lat' dir='ltr'>versus</span> <span class='ocrx_word' id='word_1_287' title='bbox 2294 2990 2735 3064; x_wconf 82' lang='lat' dir='ltr'>Sarpedonium</span> 
     </span>
     <span class='ocr_line' id='line_1_34' title="bbox 513 3064 2736 3141; baseline 0.002 -18"><span class='ocrx_word' id='word_1_288' title='bbox 513 3065 984 3141; x_wconf 83' lang='lat' dir='ltr'>promontorium</span> <span class='ocrx_word' id='word_1_289' title='bbox 1009 3064 1270 3139; x_wconf 81' lang='lat' dir='ltr'>dirigens</span> <span class='ocrx_word' id='word_1_290' title='bbox 1293 3078 1531 3119; x_wconf 86' lang='lat' dir='ltr'>cursum</span> <span class='ocrx_word' id='word_1_291' title='bbox 1552 3087 1570 3133; x_wconf 79' lang='lat'><em>3</em></span> <span class='ocrx_word' id='word_1_292' title='bbox 1617 3068 1735 3136; x_wconf 81' lang='lat' dir='ltr'>q&#39;uo</span> <span class='ocrx_word' id='word_1_293' title='bbox 1764 3080 1947 3137; x_wconf 89' lang='lat' dir='ltr'>quum</span> <span class='ocrx_word' id='word_1_294' title='bbox 1973 3068 2351 3138; x_wconf 82' lang='lat' dir='ltr'>pervenisset,</span> <span class='ocrx_word' id='word_1_295' title='bbox 2371 3064 2577 3137; x_wconf 89' lang='lat' dir='ltr'>jussus</span> <span class='ocrx_word' id='word_1_296' title='bbox 2605 3080 2736 3128; x_wconf 89' lang='lat' dir='ltr'>erat</span> 
     </span>
     <span class='ocr_line' id='line_1_35' title="bbox 513 3142 2735 3220; baseline 0.002 -18"><span class='ocrx_word' id='word_1_297' title='bbox 513 3152 884 3220; x_wconf 69' lang='lat' dir='ltr'>exspectare:</span> <span class='ocrx_word' id='word_1_298' title='bbox 931 3143 1216 3199; x_wconf 85' lang='lat' dir='ltr'>terrestris</span> <span class='ocrx_word' id='word_1_299' title='bbox 1243 3148 1442 3198; x_wconf 85' lang='lat' dir='ltr'>autem</span> <span class='ocrx_word' id='word_1_300' title='bbox 1471 3143 1757 3198; x_wconf 86' lang='lat' dir='ltr'>exercitus</span> <span class='ocrx_word' id='word_1_301' title='bbox 1782 3142 2069 3199; x_wconf 88' lang='lat' dir='ltr'>orientem</span> <span class='ocrx_word' id='word_1_302' title='bbox 2102 3162 2303 3203; x_wconf 82' lang='lat' dir='ltr'>versus</span> <span class='ocrx_word' id='word_1_303' title='bbox 2331 3148 2443 3203; x_wconf 87' lang='lat' dir='ltr'>iter</span> <span class='ocrx_word' id='word_1_304' title='bbox 2472 3149 2735 3209; x_wconf 83' lang='lat' dir='ltr'>faciebat</span> 
     </span>
     <span class='ocr_line' id='line_1_36' title="bbox 513 3220 2731 3297; baseline 0.004 -17"><span class='ocrx_word' id='word_1_305' title='bbox 513 3241 616 3297; x_wconf 90' lang='lat' dir='ltr'>per</span> <span class='ocrx_word' id='word_1_306' title='bbox 644 3224 1102 3287; x_wconf 80' lang='lat' dir='ltr'>Chersonesum,</span> <span class='ocrx_word' id='word_1_307' title='bbox 1131 3238 1166 3276; x_wconf 86' lang='lat' dir='ltr'>a</span> <span class='ocrx_word' id='word_1_308' title='bbox 1205 3220 1410 3277; x_wconf 84' lang='lat' dir='ltr'>dextra</span> <span class='ocrx_word' id='word_1_309' title='bbox 1447 3220 1675 3277; x_wconf 85' lang='lat' dir='ltr'>habens</span> <span class='ocrx_word' id='word_1_310' title='bbox 1716 3220 1911 3278; x_wconf 83' lang='lat' dir='ltr'>Hellae</span> <span class='ocrx_word' id='word_1_311' title='bbox 1950 3223 2312 3296; x_wconf 84' lang='lat' dir='ltr'>sepulcrum,</span> <span class='ocrx_word' id='word_1_312' title='bbox 2342 3228 2731 3288; x_wconf 82' lang='lat' dir='ltr'>Athamantis</span> 
     </span>
     <span class='ocr_line' id='line_1_37' title="bbox 513 3298 2727 3377; baseline 0.003 -18"><span class='ocrx_word' id='word_1_313' title='bbox 513 3303 672 3370; x_wconf 82' lang='lat' dir='ltr'>filiae,</span> <span class='ocrx_word' id='word_1_314' title='bbox 703 3318 738 3358; x_wconf 84' lang='lat' dir='ltr'>a</span> <span class='ocrx_word' id='word_1_315' title='bbox 777 3300 1011 3358; x_wconf 84' lang='lat' dir='ltr'>sinistra</span> <span class='ocrx_word' id='word_1_316' title='bbox 1048 3298 1322 3356; x_wconf 80' lang='lat' dir='ltr'>Cardiam</span> <span class='ocrx_word' id='word_1_317' title='bbox 1361 3299 1593 3355; x_wconf 87' lang='lat' dir='ltr'>urbem.</span> <span class='ocrx_word' id='word_1_318' title='bbox 1672 3300 1927 3367; x_wconf 86' lang='lat' dir='ltr'>Deinde,</span> <span class='ocrx_word' id='word_1_319' title='bbox 1953 3308 2287 3375; x_wconf 83' lang='lat' dir='ltr'>postquam·</span> <span class='ocrx_word' id='word_1_320' title='bbox 2314 3322 2416 3377; x_wconf 88' lang='lat' dir='ltr'>per</span> <span class='ocrx_word' id='word_1_321' title='bbox 2454 3308 2727 3371; x_wconf 81' lang='lat' dir='ltr'>medium</span> 
     </span>
     <span class='ocr_line' id='line_1_38' title="bbox 512 3378 2729 3456; baseline 0.004 -19"><span class='ocrx_word' id='word_1_322' title='bbox 512 3382 799 3456; x_wconf 84' lang='lat' dir='ltr'>oppidum</span> <span class='ocrx_word' id='word_1_323' title='bbox 827 3379 1064 3435; x_wconf 88' lang='lat' dir='ltr'>transiit</span> <span class='ocrx_word' id='word_1_324' title='bbox 1089 3378 1184 3434; x_wconf 84' lang='lat' dir='ltr'>cui</span> <span class='ocrx_word' id='word_1_325' title='bbox 1217 3394 1438 3434; x_wconf 87' lang='lat' dir='ltr'>nomen</span> <span class='ocrx_word' id='word_1_326' title='bbox 1465 3380 1684 3454; x_wconf 86' lang='lat' dir='ltr'>Agora,</span> <span class='ocrx_word' id='word_1_327' title='bbox 1721 3378 1783 3453; x_wconf 90' lang='lat' dir='ltr'>[i.</span> <span class='ocrx_word' id='word_1_328' title='bbox 1812 3396 1861 3437; x_wconf 91' lang='lat' dir='ltr'>e.</span> <span class='ocrx_word' id='word_1_329' title='bbox 1889 3380 2136 3453; x_wconf 56' lang='lat' dir='ltr'>Foruna]</span> <span class='ocrx_word' id='word_1_330' title='bbox 2168 3383 2389 3439; x_wconf 86' lang='lat' dir='ltr'>circum</span> <span class='ocrx_word' id='word_1_331' title='bbox 2418 3385 2729 3447; x_wconf 87' lang='lat' dir='ltr'>Melanem</span> 
     </span>
     <span class='ocr_line' id='line_1_39' title="bbox 512 3450 2729 3534; baseline 0.004 -17"><span class='ocrx_word' id='word_1_332' title='bbox 512 3462 706 3517; x_wconf 86' lang='lat' dir='ltr'>sinum</span> <span class='ocrx_word' id='word_1_333' title='bbox 739 3458 936 3529; x_wconf 87' lang='lat' dir='ltr'>flexit;</span> <span class='ocrx_word' id='word_1_334' title='bbox 971 3450 1329 3531; x_wconf 75' lang='lat' dir='ltr'>trajectoque</span> <span class='ocrx_word' id='word_1_335' title='bbox 1352 3454 1589 3513; x_wconf 82' lang='lat' dir='ltr'>Melane</span> <span class='ocrx_word' id='word_1_336' title='bbox 1617 3457 1818 3524; x_wconf 80' lang='lat' dir='ltr'>fluvio,</span> <span class='ocrx_word' id='word_1_337' title='bbox 1844 3462 2017 3529; x_wconf 83' lang='lat' dir='ltr'>cujus</span> <span class='ocrx_word' id='word_1_338' title='bbox 2044 3475 2196 3534; x_wconf 80' lang='lat' dir='ltr'>aqua</span> <span class='ocrx_word' id='word_1_339' title='bbox 2222 3482 2341 3519; x_wconf 87' lang='lat' dir='ltr'>non</span> <span class='ocrx_word' id='word_1_340' title='bbox 2366 3462 2605 3522; x_wconf 82' lang='lat' dir='ltr'>suffecit</span> <span class='ocrx_word' id='word_1_341' title='bbox 2632 3486 2729 3525; x_wconf 82' lang='lat' dir='ltr'>ex-</span> 
     </span>
     <span class='ocr_line' id='line_1_40' title="bbox 511 3531 2723 3612; baseline 0.004 -17"><span class='ocrx_word' id='word_1_342' title='bbox 511 3539 741 3605; x_wconf 85' lang='lat' dir='ltr'>ercitui‚</span> <span class='ocrx_word' id='word_1_343' title='bbox 769 3538 869 3593; x_wconf 89' lang='lat' dir='ltr'>sed</span> <span class='ocrx_word' id='word_1_344' title='bbox 911 3536 1150 3603; x_wconf 73' lang='lat' dir='ltr'>defecit,</span> <span class='ocrx_word' id='word_1_345' title='bbox 1175 3537 1292 3593; x_wconf 86' lang='lat' dir='ltr'>hoe</span> <span class='ocrx_word' id='word_1_346' title='bbox 1338 3531 1583 3607; x_wconf 79' lang='lat' dir='ltr'>trajecto</span> <span class='ocrx_word' id='word_1_347' title='bbox 1630 3536 1833 3604; x_wconf 84' lang='lat' dir='ltr'>fluvio,</span> <span class='ocrx_word' id='word_1_348' title='bbox 1862 3556 1899 3593; x_wconf 86' lang='lat' dir='ltr'>a</span> <span class='ocrx_word' id='word_1_349' title='bbox 1941 3554 2059 3612; x_wconf 90' lang='lat' dir='ltr'>quo</span> <span class='ocrx_word' id='word_1_350' title='bbox 2100 3539 2282 3597; x_wconf 83' lang='lat' dir='ltr'>Melas</span> <span class='ocrx_word' id='word_1_351' title='bbox 2324 3544 2477 3599; x_wconf 78' lang='lat' dir='ltr'>sinus</span> <span class='ocrx_word' id='word_1_352' title='bbox 2510 3563 2723 3604; x_wconf 85' lang='lat' dir='ltr'>nomen</span> 
     </span>
     <span class='ocr_line' id='line_1_41' title="bbox 511 3614 2723 3684; baseline 0.004 -9"><span class='ocrx_word' id='word_1_353' title='bbox 511 3618 754 3684; x_wconf 86' lang='lat' dir='ltr'>invenit,</span> <span class='ocrx_word' id='word_1_354' title='bbox 771 3617 844 3673; x_wconf 86' lang='lat' dir='ltr'>ad</span> <span class='ocrx_word' id='word_1_355' title='bbox 871 3616 1234 3673; x_wconf 86' lang='lat' dir='ltr'>occidentem</span> <span class='ocrx_word' id='word_1_356' title='bbox 1261 3614 1476 3671; x_wconf 81' lang='lat' dir='ltr'>direxit</span> <span class='ocrx_word' id='word_1_357' title='bbox 1501 3614 1634 3683; x_wconf 81' lang='lat' dir='ltr'>iter,</span> <span class='ocrx_word' id='word_1_358' title='bbox 1658 3616 1885 3673; x_wconf 86' lang='lat' dir='ltr'>AEnum</span> <span class='ocrx_word' id='word_1_359' title='bbox 1908 3618 2201 3675; x_wconf 83' lang='lat' dir='ltr'>AEolicam</span> <span class='ocrx_word' id='word_1_360' title='bbox 2228 3621 2443 3680; x_wconf 86' lang='lat' dir='ltr'>urbem</span> <span class='ocrx_word' id='word_1_361' title='bbox 2466 3632 2531 3681; x_wconf 87' lang='lat' dir='ltr'>et</span> <span class='ocrx_word' id='word_1_362' title='bbox 2556 3624 2723 3683; x_wconf 88' lang='lat' dir='ltr'>Sten-</span> 
     </span>
     <span class='ocr_line' id='line_1_42' title="bbox 508 3694 2243 3770; baseline -0.001 -15"><span class='ocrx_word' id='word_1_363' title='bbox 508 3694 762 3755; x_wconf 84' lang='lat' dir='ltr'>toridem</span> <span class='ocrx_word' id='word_1_364' title='bbox 787 3695 985 3751; x_wconf 87' lang='lat' dir='ltr'>lacum</span> <span class='ocrx_word' id='word_1_365' title='bbox 1013 3695 1374 3769; x_wconf 64' lang='lat' dir='ltr'>praeteriens,</span> <span class='ocrx_word' id='word_1_366' title='bbox 1403 3694 1591 3751; x_wconf 86' lang='lat' dir='ltr'>donec</span> <span class='ocrx_word' id='word_1_367' title='bbox 1616 3695 1931 3753; x_wconf 84' lang='lat' dir='ltr'>Doriscum</span> <span class='ocrx_word' id='word_1_368' title='bbox 1958 3699 2243 3770; x_wconf 80' lang='lat' dir='ltr'>pervenit.</span> 
     </span>
    </p>

    <p class='ocr_par' dir='ltr' id='par_1_7' title="bbox 487 3772 2715 4249">
     <span class='ocr_line' id='line_1_43' title="bbox 593 3772 2713 3857; baseline 0.003 -23"><span class='ocrx_word' id='word_1_369' title='bbox 593 3782 687 3835; x_wconf 79' lang='grc'><strong>59.-</strong></span> <span class='ocrx_word' id='word_1_370' title='bbox 724 3775 834 3831; x_wconf 79' lang='lat' dir='ltr'>Est</span> <span class='ocrx_word' id='word_1_371' title='bbox 875 3781 1073 3831; x_wconf 79' lang='lat' dir='ltr'>autern</span> <span class='ocrx_word' id='word_1_372' title='bbox 1105 3772 1386 3831; x_wconf 85' lang='lat' dir='ltr'>Doriseus</span> <span class='ocrx_word' id='word_1_373' title='bbox 1425 3790 1532 3829; x_wconf 87' lang='lat' dir='ltr'>ora</span> <span class='ocrx_word' id='word_1_374' title='bbox 1564 3773 1836 3830; x_wconf 79' lang='lat' dir='ltr'>Thraciae</span> <span class='ocrx_word' id='word_1_375' title='bbox 1876 3782 1935 3830; x_wconf 78' lang='lat' dir='ltr'>et</span> <span class='ocrx_word' id='word_1_376' title='bbox 1975 3776 2175 3850; x_wconf 87' lang='lat' dir='ltr'>ampla</span> <span class='ocrx_word' id='word_1_377' title='bbox 2212 3776 2512 3853; x_wconf 87' lang='lat' dir='ltr'>planities,</span> <span class='ocrx_word' id='word_1_378' title='bbox 2544 3800 2713 3857; x_wconf 83' lang='lat' dir='ltr'>qnam</span> 
     </span>
     <span class='ocr_line' id='line_1_44' title="bbox 508 3851 2713 3932; baseline 0.003 -21"><span class='ocrx_word' id='word_1_379' title='bbox 508 3869 765 3932; x_wconf 81' lang='lat' dir='ltr'>magnus</span> <span class='ocrx_word' id='word_1_380' title='bbox 794 3854 1010 3909; x_wconf 85' lang='lat' dir='ltr'>fluvius</span> <span class='ocrx_word' id='word_1_381' title='bbox 1049 3852 1284 3927; x_wconf 85' lang='lat' dir='ltr'>perfluit</span> <span class='ocrx_word' id='word_1_382' title='bbox 1309 3851 1565 3909; x_wconf 86' lang='lat' dir='ltr'>Hebrus.</span> <span class='ocrx_word' id='word_1_383' title='bbox 1650 3853 1721 3908; x_wconf 91' lang='lat' dir='ltr'>ln</span> <span class='ocrx_word' id='word_1_384' title='bbox 1751 3853 1955 3910; x_wconf 89' lang='lat' dir='ltr'>eadem</span> <span class='ocrx_word' id='word_1_385' title='bbox 1998 3854 2243 3929; x_wconf 85' lang='lat' dir='ltr'>planitie</span> <span class='ocrx_word' id='word_1_386' title='bbox 2278 3859 2593 3917; x_wconf 82' lang='lat' dir='ltr'>castellum</span> <span class='ocrx_word' id='word_1_387' title='bbox 2617 3880 2713 3919; x_wconf 83' lang='lat' dir='ltr'>ex-</span> 
     </span>
     <span class='ocr_line' id='line_1_45' title="bbox 510 3931 2713 4011; baseline 0.003 -20"><span class='ocrx_word' id='word_1_388' title='bbox 510 3941 805 3991; x_wconf 76' lang='lat' dir='ltr'>structum</span> <span class='ocrx_word' id='word_1_389' title='bbox 835 3940 926 3989; x_wconf 84' lang='lat' dir='ltr'>est</span> <span class='ocrx_word' id='word_1_390' title='bbox 953 3932 1207 4007; x_wconf 84' lang='lat' dir='ltr'>regium,</span> <span class='ocrx_word' id='word_1_391' title='bbox 1235 3931 1389 4004; x_wconf 88' lang='lat' dir='ltr'>quod</span> <span class='ocrx_word' id='word_1_392' title='bbox 1427 3932 1621 4005; x_wconf 86' lang='lat' dir='ltr'>ipsum</span> <span class='ocrx_word' id='word_1_393' title='bbox 1650 3932 1930 3989; x_wconf 75' lang='lat' dir='ltr'>Dor-iscus</span> <span class='ocrx_word' id='word_1_394' title='bbox 1960 3942 2243 4008; x_wconf 81' lang='lat' dir='ltr'>vocatur3</span> <span class='ocrx_word' id='word_1_395' title='bbox 2288 3934 2350 3993; x_wconf 90' lang='lat' dir='ltr'>in</span> <span class='ocrx_word' id='word_1_396' title='bbox 2377 3954 2499 4011; x_wconf 89' lang='lat' dir='ltr'>quo</span> <span class='ocrx_word' id='word_1_397' title='bbox 2528 3940 2713 3997; x_wconf 85' lang='lat' dir='ltr'>Persi·</span> 
     </span>
     <span class='ocr_line' id='line_1_46' title="bbox 503 4010 2713 4091; baseline 0.003 -22"><span class='ocrx_word' id='word_1_398' title='bbox 503 4030 650 4089; x_wconf 37' lang='lat' dir='ltr'>rcum</span> <span class='ocrx_word' id='word_1_399' title='bbox 676 4029 712 4068; x_wconf 87' lang='lat' dir='ltr'>a</span> <span class='ocrx_word' id='word_1_400' title='bbox 735 4010 920 4067; x_wconf 84' lang='lat' dir='ltr'>Dario</span> <span class='ocrx_word' id='word_1_401' title='bbox 945 4010 1208 4067; x_wconf 83' lang='lat' dir='ltr'>locatum</span> <span class='ocrx_word' id='word_1_402' title='bbox 1237 4014 1359 4066; x_wconf 88' lang='lat' dir='ltr'>erat</span> <span class='ocrx_word' id='word_1_403' title='bbox 1398 4010 1736 4081; x_wconf 63' lang='lat' dir='ltr'>praesidium</span> <span class='ocrx_word' id='word_1_404' title='bbox 1760 4010 1834 4067; x_wconf 90' lang='lat' dir='ltr'>ab</span> <span class='ocrx_word' id='word_1_405' title='bbox 1860 4028 1932 4068; x_wconf 83' lang='lat' dir='ltr'>eo</span> <span class='ocrx_word' id='word_1_406' title='bbox 1958 4012 2099 4069; x_wconf 90' lang='lat' dir='ltr'>inde</span> <span class='ocrx_word' id='word_1_407' title='bbox 2132 4022 2397 4089; x_wconf 88' lang='lat' dir='ltr'>tempore</span> <span class='ocrx_word' id='word_1_408' title='bbox 2423 4034 2546 4091; x_wconf 83' lang='lat' dir='ltr'>quo</span> <span class='ocrx_word' id='word_1_409' title='bbox 2577 4019 2713 4091; x_wconf 90' lang='lat' dir='ltr'>Scy-</span> 
     </span>
     <span class='ocr_line' id='line_1_47' title="bbox 487 4088 2711 4165; baseline 0.003 -20"><span class='ocrx_word' id='word_1_410' title='bbox 487 4089 629 4147; x_wconf 80' lang='lat' dir='ltr'>&#39;this</span> <span class='ocrx_word' id='word_1_411' title='bbox 655 4089 754 4165; x_wconf 86' lang='lat' dir='ltr'>ille</span> <span class='ocrx_word' id='word_1_412' title='bbox 791 4089 1015 4146; x_wconf 90' lang='lat' dir='ltr'>bellum</span> <span class='ocrx_word' id='word_1_413' title='bbox 1057 4088 1270 4145; x_wconf 85' lang='lat' dir='ltr'>intulit.</span> <span class='ocrx_word' id='word_1_414' title='bbox 1355 4088 1473 4144; x_wconf 87' lang='lat' dir='ltr'>Hie</span> <span class='ocrx_word' id='word_1_415' title='bbox 1513 4090 1699 4165; x_wconf 86' lang='lat' dir='ltr'>igitur</span> <span class='ocrx_word' id='word_1_416' title='bbox 1734 4089 1898 4147; x_wconf 89' lang='lat' dir='ltr'>locus</span> <span class='ocrx_word' id='word_1_417' title='bbox 1935 4088 2176 4149; x_wconf 88' lang='lat' dir='ltr'>idoneus</span> <span class='ocrx_word' id='word_1_418' title='bbox 2203 4092 2387 4150; x_wconf 85' lang='lat' dir='ltr'>Xerxi</span> <span class='ocrx_word' id='word_1_419' title='bbox 2415 4096 2579 4153; x_wconf 84' lang='lat' dir='ltr'>visus</span> <span class='ocrx_word' id='word_1_420' title='bbox 2605 4104 2711 4161; x_wconf 84' lang='lat' dir='ltr'>est,</span> 
     </span>
     <span class='ocr_line' id='line_1_48' title="bbox 511 4167 2715 4249; baseline 0.004 -24"><span class='ocrx_word' id='word_1_421' title='bbox 511 4170 572 4226; x_wconf 84' lang='lat' dir='ltr'>in</span> <span class='ocrx_word' id='word_1_422' title='bbox 603 4184 720 4243; x_wconf 85' lang='lat' dir='ltr'>quo</span> <span class='ocrx_word' id='word_1_423' title='bbox 743 4168 1043 4225; x_wconf 80' lang='lat' dir='ltr'>ordin-aret</span> <span class='ocrx_word' id='word_1_424' title='bbox 1082 4184 1262 4225; x_wconf 82' lang='lat' dir='ltr'>suum</span> <span class='ocrx_word' id='word_1_425' title='bbox 1287 4167 1633 4239; x_wconf 84' lang='lat' dir='ltr'>exereitum,</span> <span class='ocrx_word' id='word_1_426' title='bbox 1662 4177 1721 4227; x_wconf 86' lang='lat' dir='ltr'>et</span> <span class='ocrx_word' id='word_1_427' title='bbox 1750 4186 2061 4229; x_wconf 84' lang='lat' dir='ltr'>numerum</span> <span class='ocrx_word' id='word_1_428' title='bbox 2104 4171 2264 4239; x_wconf 68' lang='lat' dir='ltr'>iilius</span> <span class='ocrx_word' id='word_1_429' title='bbox 2285 4172 2501 4233; x_wconf 84' lang='lat' dir='ltr'>iniret:</span> <span class='ocrx_word' id='word_1_430' title='bbox 2546 4174 2715 4249; x_wconf 77' lang='lat' dir='ltr'>idque</span> 
     </span>
    </p>
   </div>
   <div class='ocr_carea' id='block_1_5' title="bbox 2898 2120 2901 2217">
    <p class='ocr_par' dir='ltr' id='par_1_8' title="bbox 2898 2056 2901 2217">
     <span class='ocr_line' id='line_1_49' title="bbox 2898 2120 2901 2217; baseline 0 -136"><span class='ocrx_word' id='word_1_431' title='bbox 2898 2120 2901 2217; x_wconf 26' lang='grc' dir='ltr'>γ</span> 
     </span>
    </p>
   </div>
  </div>
 </body>
</html>
