2925 4992
600 302 721 357 892
1132 292 1633 357 HERODOTI
1693 295 2060 357 HISTOR.
2114 298 2282 359 VIII.

596 455 691 513 his
712 454 813 529 qui
845 468 963 511 non
992 462 1137 511 sunt
1160 455 1419 521 castrati,
1440 462 1504 511 et
1521 450 1710 525 maior
1730 456 1848 513 illis
1867 457 1932 513 in
1955 457 2236 517 omnibus
2263 452 2434 517 rebus
2448 458 2580 517 fides
2595 460 2745 517 habe·

592 543 713 590 tur.
792 532 999 595 Quum
1046 532 1194 591 alios
1237 535 1423 611 igitur
1464 534 1688 591 multos
1715 543 2070 595 castraverat
2095 539 2190 595 hic
2227 539 2558 605 Panionium
2583 548 2751 614 utpote

600 612 715 671 boc
736 620 971 685 quaestu
1014 614 1199 673 vitam
1242 616 1429 679 aleus,
1456 620 1586 671 tum
1628 630 1766 670 vero
1791 616 1970 673 etiam
2009 618 2172 674 hunc
2217 619 2428 691 ipsum.
2499 620 2615 675 Nec
2644 636 2754 673 vero

596 708 1023 767 usquequaque
1058 690 1265 749 infelix
1312 690 1727 749 Hermotimus
1763 694 1918 751 fuit:
1966 713 2106 752 nam
2131 715 2166 753 e
2191 696 2468 755 Sardibus
2491 716 2617 754 cum
2657 697 2758 751 aliis

593 769 950 829 muneribus
976 770 1049 827 ad
1078 787 1281 846 regem
1318 770 1614 845 pervenit,
1635 778 1694 827 et
1721 774 2069 831 succedente
2095 783 2360 850 tempore
2386 796 2504 852 prae
2525 776 2756 833 omnibus

596 849 887 909 eunuchis
914 850 1177 909 maximo
1200 852 1264 907 in
1294 850 1522 907 honore
1549 850 1702 922 apud
1731 850 1994 910 Xerxem
2021 853 2156 911 fuit.

676 932 809 986 106.
846 929 989 989 Quo
1032 936 1300 1003 tempore
1344 946 1484 985 vero
1525 926 1828 987 Persicum
1851 920 2190 989 'exercitum
2233 932 2508 990 adversus
2549 933 2758 990 Athenas
2868 1000 2869 1011 χ

592 1008 815 1067 ducens
855 1024 955 1063 rex
994 1004 1271 1067 Sardibus
1320 1006 1682 1075 versabatur,
1731 1016 1878 1067 tunc
1908 1010 2340 1079 Hermotimus,
2383 1031 2558 1088 quum
2599 1013 2759 1067 nescio
2867 1018 2869 1035 ⁴

592 1082 765 1159 cuius
804 1086 1031 1163 negotii
1070 1104 1277 1145 caussa
1314 1088 1377 1143 in
1430 1083 1688 1161 Mysiam
1731 1105 1866 1161 quae
1911 1090 2194 1147 Chiorum
2239 1102 2346 1158 est,
2387 1096 2482 1149 cui
2517 1092 2760 1149 Atarneus

594 1182 839 1234 nomen,
868 1173 1021 1223 esset
1048 1166 1369 1241 profectus,
1390 1165 1476 1223 ibi
1499 1165 1857 1227 Panionium
1884 1168 2130 1226 invenit.
2187 1171 2384 1232 Quem
2413 1172 2516 1229 ubi
2541 1170 2762 1247 agnovit,
2868 1168 2869 1173 ’

591 1244 797 1305 multis
824 1244 1015 1303 verbis
1058 1241 1307 1321 benigne
1346 1252 1437 1303 est
1477 1244 1820 1317 adlocutus3
1863 1264 2200 1305 memorans
2223 1251 2502 1323 primum,
2529 1258 2761 1324 quantum

590 1324 1039 1399 prosperitatem
1086 1342 1187 1397 per
1228 1325 1397 1381 illum
1438 1332 1594 1381 esset
1641 1336 2033 1397 consecutus;
2079 1326 2290 1384 deinde
2329 1329 2680 1401 promitten5‚
2717 1338 2764 1381 se

505 1397 515 1409 '
593 1402 981 1477 rependendae
1001 1404 1207 1479 gratias
1232 1420 1439 1461 caussa
1473 1402 1806 1479 ingentibus
1833 1404 2130 1462 beneflciis
2151 1404 2322 1463 illam
2349 1408 2765 1471 cumulaturum,

594 1482 645 1537 si
672 1498 813 1539 cum
840 1494 947 1541 sua
969 1481 1197 1541 familia
1234 1480 1437 1539 Sardes
1480 1482 1811 1539 habitatum
1851 1484 2128 1541 venisset.
2205 1486 2441 1547 Quibus
2466 1486 2643 1543 verbis
2665 1502 2766 1557 per-

594 1576 807 1617 suasus
846 1560 1187 1629 Panionius,
1234 1561 1451 1619 lubens
1499 1562 1788 1635 accipiens
1841 1563 2262 1630 conditionem,
2315 1582 2454 1623 cum
2503 1564 2682 1621 liberis
2723 1568 2767 1617 et

595 1656 781 1697 uxore
808 1639 1019 1697 Sardes
1044 1641 1341 1716 migravit.
1422 1640 1536 1697 Sed
1564 1648 1879 1713 postquam
1914 1657 2056 1699 eum
2099 1660 2236 1699 cum
2263 1651 2392 1699 tota
2417 1644 2586 1701 domo
2609 1645 2660 1699 in
2683 1658 2766 1715 po-

595 1724 811 1775 testate
838 1718 1249 1777 Hermotimus
1281 1718 1512 1785 habuit,
1541 1726 1672 1775 tum
1707 1737 1848 1777 vero
1887 1720 1979 1777 his
2019 1722 2216 1778 verbis
2261 1740 2402 1779 eum
2431 1722 2644 1779 adfatus
2667 1727 2768 1777 est:

600 1802 643 1829 “
671 1795 726 1853 Ο
760 1806 827 1853 tu
854 1799 1129 1855 omnium
1152 1798 1463 1855 hominum
1486 1798 1862 1871 nequissime,
1889 1817 1963 1856 ex
1983 1800 2354 1874 iniquissimo
2383 1803 2618 1877 negotio
2639 1816 2766 1873 quae-

596 1881 642 1938 ‘.‘
670 1884 833 1933 stum
858 1876 1115 1935 faciens!
1158 1878 1297 1951 quid
1340 1875 1447 1933 tibi
1491 1884 1596 1932 aut
1636 1894 1751 1952 ego
1799 1878 1922 1951 ipse
1969 1880 2111 1935 mali
2137 1879 2273 1946 feci,
2303 1888 2412 1937 aut
2445 1898 2614 1954 quam
2646 1873 2770 1947 inju-

598 1958 644 1986 “
672 1954 821 2011 riam
850 1956 1061 2030 aliquis
1086 1974 1355 2015 meorum
1382 1962 1490 2013 aut
1541 1956 1650 2011 tibi
1689 1964 1796 2013 aut
1837 1968 2080 2014 tuorum
2117 1955 2294 2015 alicui
2339 1960 2561 2026 intulit,
2587 1976 2679 2015 cur
2699 1972 2775 2013 me

598 2038 641 2065 “
668 2050 744 2089 ex
768 2034 896 2089 viro
924 2035 1131 2091 feceris
1158 2043 1227 2091 ut
1254 2031 1399 2091 nihil
1444 2037 1674 2091 essem?
1741 2036 1820 2091 Et
1845 2044 1906 2092 tu
1937 2036 2176 2123 quidem
2221 2045 2367 2095 tunc
2403 2038 2640 2115 putabas
2675 2037 2775 2091 fore

598 2116 645 2143 “
676 2118 743 2167 ut
768 2110 909 2169 deos
951 2112 1178 2169 lateant
1226 2120 1330 2169 tua
1368 2112 1673 2169 facinora=
1719 2115 1915 2182 atilli,
1953 2123 2120 2185 Justa
2167 2116 2305 2191 lege
2345 2125 2601 2184 utentes,
2624 2124 2676 2173 te
2697 2113 2776 2188 qui

602 2194 644 2221 “
672 2190 873 2263 iniqua
894 2192 1011 2249 ista
1052 2192 1315 2265 patrasti,
1344 2209 1508 2249 meas
1553 2191 1614 2247 in
1657 2210 1868 2250 manus
1917 2194 2240 2252 tradidere:
2284 2213 2468 2271 quare
2508 2198 2578 2253 de
2618 2210 2774 2269 poena,

595 2272 638 2305 “
660 2285 844 2342 quam
886 2289 923 2327 a
950 2278 1007 2327 te
1036 2279 1319 2347 repetam,
1355 2288 1476 2328 non
1505 2278 1596 2327 est
1639 2272 1794 2345 quo‘d
1841 2275 2266 2347 conqueraris.”
2349 2276 2468 2333 His
2503 2268 2774 2349 postquam

596 2350 880 2409 conviciis
920 2368 1058 2407 eum
1106 2352 1351 2424 accepit,
1380 2350 1534 2407 filios
1580 2345 1706 2419 ejus
1751 2352 1813 2407 in
1855 2361 2242 2425 conspectum
2275 2348 2466 2423 jussit
2505 2352 2712 2417 adduci,
2734 2356 2780 2407 et

596 2425 954 2507 Panionium
981 2430 1178 2505 coegit
1200 2430 1323 2486 suis
1348 2430 1529 2503 ipsius
1549 2428 1710 2497 filiis,
1735 2429 1839 2503 qui
1861 2440 2114 2505 quatuor
2139 2448 2396 2491 numero
2419 2441 2604 2500 erant,
2623 2430 2778 2487 virilia

598 2505 977 2579 abscindet-«³3
1024 2509 1184 2583 quod
1226 2504 1326 2564 ille
1354 2508 1696 2565 necessitate
1735 2519 1974 2567 coactus
2018 2510 2199 2567 fecitz
2241 2512 2462 2570 deinde
2504 2530 2655 2579 vern,
2691 2510 2780 2565 hoc

596 2584 882 2657 perfecto,
908 2587 1015 2643 filii
1060 2582 1321 2659 ejusdem
1362 2587 1552 2643 coacti
1589 2594 1732 2644 sunt
1776 2589 1970 2663 ipsum
2018 2590 2260 2647 evirare.
2338 2592 2394 2649 Τ
2397 2594 2550 2650 alem
2593 2592 2658 2649 de
2689 2588 2778 2645 Pa·

597 2660 801 2724 nionio
825 2665 1107 2723 ultionem
1136 2666 1395 2723 vicissim
1422 2666 1840 2724 Hermotimus
1867 2664 2040 2743 cepit.

684 2746 811 2807 107.
854 2742 1083 2803 Xerxes
1110 2752 1423 2819 postquam
1471 2744 1622 2801 filios
1659 2762 1798 2803 suos
1821 2748 2153 2805 Artemisiae
2185 2750 2578 2809 commisisset
2612 2747 2782 2822 Ephe-

598 2838 733 2881 sum
780 2822 1096 2891 ducendos,
1126 2831 1407 2881 vocatum
1450 2822 1523 2881 ad
1565 2841 1631 2879 se
1669 2824 2057 2883 Mardonium
2095 2824 2294 2899 jussit,
2321 2847 2476 2904 quos
2519 2826 2703 2893 vellet,
2725 2825 2782 2878 de

598 2902 857 2959 exercitu
886 2903 1156 2976 seligere,
1185 2920 1536 2977 operamque
1561 2902 1700 2961 dare
1741 2912 1810 2961 ut
1852 2906 2156 2978 promissis
2192 2909 2352 2965 facta
2393 2912 2657 2983 aeqnaret.
2721 2902 2785 2959 Et

596 2980 724 3053 hare
746 2982 989 3056 quidem
1011 2981 1118 3041 illo
1144 2982 1239 3039 die
1265 2988 1435 3056 gesta
1458 2990 1620 3038 sunt.
1697 2982 2057 3057 Insequente
2105 3004 2246 3043 vero
2289 2996 2488 3055 nocte,
2507 2986 2671 3057 jussu
2707 2999 2781 3037 re-

540 3129 546 3135 ·
598 3060 697 3137 gis
722 3062 883 3125 duces
932 3061 1119 3125 classis
1157 3078 1337 3118 naves
1380 3078 1454 3116 ex
1501 3060 1753 3117 Phalero
1795 3062 2191 3133 abduxerunt,
2241 3077 2469 3141 quanta
2515 3062 2786 3121 velocitate

598 3134 845 3215 quisque
883 3146 1101 3213 posset,
1148 3142 1224 3197 ad
1270 3140 1682 3213 Hellespontum
1724 3149 2072 3210 reuertentes,
2101 3153 2308 3218 pontes
2363 3142 2699 3207 custodituri
2731 3144 2787 3193 ut

599 3218 728 3292 regi
780 3218 851 3275 ad
906 3218 1333 3277 transeundum
1382 3224 1576 3275 essent
1628 3222 1835 3293 parati.
1939 3218 2050 3279 Sed
2097 3223 2342 3281 Barbari
2387 3225 2472 3295 hi,
2523 3232 2592 3280 ut
2635 3232 2784 3294 prope

601 3296 911 3355 Zoster-em
962 3314 1306 3370 pervenere,
1360 3298 1461 3353 ubi
1511 3297 1716 3357 tenuia
1768 3299 2036 3375 quaedam
2085 3305 2498 3376 promontoria
2547 3302 2608 3357 in
2653 3313 2787 3355 mare

598 3374 959 3449 prominent,
991 3394 1173 3433 naves
1196 3378 1305 3433 has
1326 3392 1455 3433 esse
1483 3384 1776 3451 putantes,
1807 3379 2011 3453 procul
2043 3382 2423 3459 aufugerunt.
2505 3373 2790 3447 Interjecto

597 3471 741 3511 vero
783 3462 1067 3529 tempore,
1116 3463 1427 3529 postquam
1469 3456 1808 3513 intellexere
1847 3476 1968 3515 noa
2015 3476 2194 3517 naves
2233 3478 2382 3528 esse,
2411 3460 2510 3517 sed
2537 3470 2786 3535 promon-

598 3534 773 3600 toria,
800 3551 1003 3593 rursus
1028 3552 1153 3601 sese
1180 3531 1639 3606 conjunxerunt,
1669 3553 2023 3611 cursumque
2047 3540 2502 3597 continuarunt.

684 3616 817 3669 108.
861 3612 945 3670 Ut
972 3611 1185 3686 illuxit,
1214 3614 1427 3677 Graeci,
1454 3614 1782 3687 pedestrem
1809 3612 2132 3675 exercitum
2171 3618 2382 3678 eodem
2429 3618 2493 3674 in
2538 3618 2664 3675 loco
2686 3630 2786 3669 ma-

599 3700 841 3751 nentem
867 3694 1315 3767 conspicientes,
1337 3694 1760 3758 existimabant
1783 3711 1966 3757 naves
1989 3694 2166 3753 etiam
2189 3696 2264 3753 ad
2283 3698 2601 3756 Phalerum
2631 3696 2790 3753 adhuc

598 3781 795 3831 staret
837 3779 898 3829 et
946 3773 1215 3831 navalem
1260 3790 1538 3848 pugnam-
1565 3773 2066 3849 redintegrauit-os
2105 3776 2241 3833 illos
2279 3784 2582 3850 putantes,
2611 3774 2680 3830 ad
2715 3788 2788 3825 re·

599 3850 995 3928 pugnandum
1022 3870 1151 3912 sese
1174 3852 1620 3926 comparabant.
1697 3852 2018 3926 Postquam
2055 3872 2196 3911 vero
2223 3854 2440 3913 abiisse
2469 3870 2646 3911 naves
2670 3866 2790 3924 cog-

600 3934 841 3998 novere,
872 3940 1015 3989 tunc
1038 3948 1219 4007 ocyus
1248 3931 1520 4005 persequi
1543 3931 1674 3988 illas
1717 3932 2120 3990 decreverunt.
2199 3934 2278 3991 At
2304 3936 2554 3991 classem
2581 3930 2790 4007 quidem

598 4008 813 4067 Xerxis
838 4028 957 4067 non
1002 4028 1375 4085 conspexere,
1402 4028 1592 4085 usque
1637 4010 1710 4067 ad
1759 4011 2044 4069 Andrum·
2075 4030 2207 4069 eam
2259 4014 2568 4088 persecuti.
2649 4010 2791 4067 Post-

600 4104 779 4162 quam
831 4108 973 4165 γει-ο
1024 4091 1293 4149 Andrum
1342 4106 1686 4164 pervenere,
1739 4089 2160 4149 deliberarunt.
2261 4093 2344 4151 Et
2393 4088 2794 4149 Themistocles

602 4167 837 4243 quidem
896 4186 1003 4243 pro
1056 4168 1351 4230 sententia
1387 4165 1556 4237 dixit,
1602 4175 1643 4201 “
1675 4186 1780 4243 per
1817 4168 2036 4239 insulas
2081 4168 2420 4249 navigando
2461 4172 2799 4241 classemque
