2925 4992
1010 255 1498 321 caLLIOPE.
2241 263 2364 331 ⁴2⁵

171 412 263 488 qui
288 412 621 490 insequente
646 421 931 489 tempore,
957 424 1093 489 post
1116 416 1231 473 hoc
1244 415 1548 475 Medicum
1578 415 1824 487 bellum,
1841 416 2003 477 bello
2019 410 2356 491 Messenieo

170 500 445 551 trecentos
471 495 627 551 viros
650 494 889 563 ducens,
916 511 1051 551 cum
1077 494 1359 551 omnibus
1378 494 1810 556 Messeniorum
1835 498 2016 572 copiis
2043 496 2118 555 ad
2146 498 2356 573 Steny-

166 570 375 629 clerum
398 572 699 633 conflixit:
746 581 805 629 et
830 589 953 627 una
974 589 1111 629 cum
1142 573 1411 631 trecentis
1438 574 1562 631 suis
1587 574 1880 633 occubuit.

234 652 327 707 65.
368 651 555 707 Persae
600 650 752 724 apud
800 648 1041 707 Plataeas
1082 669 1119 707 a
1156 650 1614 713 Lacedaemoniis
1659 652 1776 711 fusi
1818 652 2145 728 fugatique,
2181 654 2350 713 nullo

165 726 355 784 ordine
402 730 473 785 ad
516 738 705 787 castra
744 745 853 785 sua
888 728 1301 803 confugerunt,
1342 730 1401 785 in
1440 730 1708 805 ligneum
1755 748 2014 797 murum,
2057 750 2234 806 quem
2283 734 2348 791 in

164 819 295 879 agro
319 805 605 867 Thebano
634 814 1093 863 construxerant.
1168 807 1359 865 Miror
1383 826 1522 867 vero
1547 807 1967 885 equidem„qui
1999 810 2220 867 factum
2251 813 2350 879 sit,

162 900 332 955 quum
358 884 430 941 ad
456 886 683 942 Cereris
721 885 925 941 lucum
952 893 1219 959 pugnata
1258 887 1334 942 sit
1376 886 1500 943 haec
1542 904 1768 961 pugna,
1796 894 1868 944 ut
1907 896 2104 945 tamen
2148 891 2350 947 nullus

162 969 409 1035 repertus
433 962 614 1021 fuerit
639 962 973 1029 Persarum,
1002 963 1105 1037 qui
1130 964 1187 1019 in
1214 963 1414 1021 locum
1442 965 1566 1021 deae
1591 983 1820 1035 sacrum
1847 973 1948 1023 aut
1989 966 2218 1025 intrarit
2245 976 2350 1026 aut

160 1038 217 1094 in
243 1057 311 1097 eo
336 1040 627 1107 ceciderit,
652 1041 757 1103 sed,
782 1058 985 1097 omnes
1014 1043 1075 1097 in
1106 1041 1355 1114 profana
1381 1050 1535 1099 terra
1559 1043 1714 1099 circa
1740 1045 2028 1116 templum
2055 1046 2348 1102 occubue-

160 1118 285 1177 rint.
361 1119 589 1193 Opinor
626 1128 852 1186 autem,
884 1121 958 1190 (si
998 1120 1177 1180 modo
1203 1119 1293 1176 fas
1320 1129 1409 1177 est
1435 1121 1507 1177 de
1549 1120 1717 1177 rebus
1745 1122 1959 1177 divinis
1986 1123 2211 1196 opinari
2239 1124 2346 1181 ali·

159 1196 323 1269 quid).
346 1196 517 1260 deam
546 1198 689 1253 illos
716 1214 841 1255 non
874 1198 1177 1271 recepisse,
1204 1205 1272 1253 ut
1298 1198 1401 1270 qui
1438 1195 1621 1271 ipsius
1650 1199 1960 1272 templum,
1985 1201 2142 1273 quod
2165 1201 2347 1265 Eleu-

157 1275 269 1333 sine
294 1274 431 1345 fuit,
461 1284 836 1333 cremassent.
916 1275 1032 1351 Hic
1060 1277 1241 1349 igitur
1271 1276 1586 1333 Plataeensis
1607 1294 1804 1349 pugnae
1829 1280 2001 1333 exitus
2027 1278 2163 1335 fuit.
2254 1285 2259 1297 ¹

230 1354 320 1412 66.
359 1354 677 1419 Artabazo,
708 1354 1021 1412 Pharnacis
1062 1354 1206 1420 filio,
1236 1353 1405 1410 initio
1432 1356 1632 1411 statim
1673 1372 1792 1411 non
1830 1356 2152 1428 placuerat,
2180 1358 2346 1414 Mar-

156 1429 381 1489 donium
411 1450 447 1489 a
474 1450 615 1507 rege
647 1434 707 1487 in
739 1432 967 1489 Graecia
1004 1432 1257 1505 relinqui
1283 1454 1295 1489 ι
1338 1429 1615 1506 idemque
1655 1442 1820 1498 tunc,
1851 1435 2108 1491 multum
2150 1436 2348 1493 horta·

154 1516 241 1565 tus
276 1528 351 1567 ne
387 1512 659 1584 praeliutn
685 1510 1028 1567 Mardonius
1057 1511 1474 1577 committeret,
1501 1510 1650 1567 nihil
1691 1510 2033 1585 profecerat.
2111 1514 2346 1587 Itaque,

154 1596 344 1662 utpote
368 1588 713 1662 improbans
740 1588 1035 1645 Mardonii
1064 1589 1403 1654 consilium,
1434 1589 1584 1653 banc
1609 1589 1744 1645 iniit
1767 1589 2067 1647 rationem.
2143 1592 2348 1655 Quum

154 1682 253 1723 suo
278 1667 384 1725 sub
410 1667 659 1739 imperio
688 1684 935 1723 manum
964 1666 1204 1723 haberet
1229 1667 1381 1723 haud
1407 1668 1710 1741 exiguam,
1729 1666 1830 1722 sed
1857 1667 1928 1723 ad
1957 1668 2354 1745 quadraginta

154 1744 443 1803 hominum
494 1746 701 1810 millia,
739 1744 826 1801 his
870 1744 1077 1808 ordine
1118 1743 1482 1818 compositiS,
1507 1762 1626 1818 quo
1668 1753 1929 1819 tempore
1977 1746 2155 1803 fiebat
2201 1766 2350 1821 prae-

149 1822 311 1890 lium,
339 1824 494 1881 bene
534 1840 751 1898 gnarus
790 1823 919 1895 quis
961 1822 1196 1879 futurus
1235 1832 1386 1879 esset
1424 1825 1618 1879 exitus
1657 1840 1894 1897 pugnae,
1933 1840 2200 1896 egressus
2239 1841 2348 1894 est,

152 1900 279 1959 dato
306 1902 575 1975 imperio,
602 1910 689 1966 ut,
718 1919 837 1975 qua
870 1902 997 1974 ipse
1035 1902 1285 1973 praeiret,
1316 1909 1700 1974 sequerentur
1737 1918 1941 1957 omnes
1980 1919 2352 1977 quocumque

151 1979 329 2051 ipsum
354 1992 415 2037 et
438 1998 565 2054 quo
602 1981 729 2037 citu
766 1980 953 2054 gradu
982 1979 1267 2043 vidissent,
1285 1988 1662 2052 praeeuntem.
1727 1978 1880 2053 ‚Hoc
1903 1979 2040 2037 dato
2081 1980 2350 2055 imperi0,

156 2056 305 2117 duxit
328 2059 483 2126 illos,
512 2058 699 2118 veluti
724 2058 787 2113 in
827 2058 1094 2131 praelium
1118 2056 1391 2115 duceret:
1434 2058 1536 2113 sed
1577 2075 1758 2131 quum
1800 2059 1924 2132 ipse
1963 2061 2354 2133 praegredere-

154 2143 243 2193 tur
274 2155 508 2212 agmen,
528 2133 775 2210 jamque
814 2134 1105 2211 fugientes
1146 2136 1542 2209 conspexisset
1591 2138 1790 2191 Persas
1817 2162 1834 2205 ς
1880 2137 2017 2193 inde
2059 2155 2180 2193 non
2214 2157 2349 2195 am·

156 2212 300 2287 plius
320 2217 527 2275 eodem
560 2216 767 2271 ordine
790 2231 933 2271 suos
956 2215 1143 2279 duxit,
1170 2214 1271 2271 sed
1302 2214 1482 2271 citato
1513 2230 1688 2269 cursu
1716 2214 1920 2287 fugam
1948 2230 2084 2269 cum
2111 2216 2196 2271 eis
2219 2234 2350 2272 cor-

156 2293 339 2364 ripuit,
366 2313 485 2353 non
522 2293 1056 2369 ligneum‘murum
1084 2299 1289 2365 petens
1328 2309 1433 2347 nec
1456 2290 1868 2347 Thebanorum
1897 2291 2123 2356 urbem,
2153 2295 2253 2350 sed
2282 2296 2348 2350 in

155 2370 453 2429 Phocidem
484 2372 750 2445 tendenS,
774 2371 1127 2445 cupiensque
1146 2386 1321 2444 quam
1350 2370 1611 2442 primum
1635 2370 1709 2425 ad
1739 2368 2192 2443 Hellespontum
2215 2389 2351 2445 per-

158 2450 358 2507 venire.
439 2451 531 2512 Hi
560 2450 740 2524 igitur
766 2449 915 2511 hanc
946 2450 1009 2505 in
1038 2455 1262 2521 partem
1292 2448 1401 2504 iter
1426 2448 1825 2503 intenderunt.

227 2532 315 2587 67.
356 2530 723 2596 Graecorum,
754 2528 857 2600 qui
884 2544 1021 2586 cum
1050 2544 1187 2602 rege
1226 2534 1418 2592 erant,
1448 2520 1636 2596 major
1664 2543 1797 2598 pars
1825 2525 1896 2582 de
1919 2524 2202 2583 industria
2223 2545 2348 2585 ces·
2449 2560 2458 2569 ·

156 2616 445 2666 saverantz
490 2606 597 2665 sed
626 2607 815 2663 Boeoti
856 2604 1059 2678 perdiu
1101 2622 1237 2663 cum
1261 2604 1714 2661 Atheniensibus
1739 2604 2109 2661 dimicarunt.
2189 2604 2350 2663 Nam

157 2684 433 2753 Thebani,
460 2684 823 2745 cumMedis
862 2684 1161 2749 facienteS,
1187 2683 1483 2757 singulare
1508 2682 1768 2739 studium
1809 2682 2145 2750 adhibuere,
2174 2684 2348 2755 forti-

157 2770 237 2823 ter
272 2770 630 2840 pugnanteS,
671 2763 1031 2835 minimeque
1066 2762 1223 2817 ultro
1262 2761 1567 2827 cedentes;
1611 2761 1694 2815 ita
1731 2767 1801 2815 ut
1837 2776 2042 2817 eorum
2087 2762 2350 2827 trecenti,

154 2843 400 2914 primarii
425 2842 539 2898 viri
570 2841 1007 2913 fortissimique,
1039 2840 1121 2895 ibi
1146 2839 1221 2895 ab
1244 2838 1704 2895 Atheniensibus
1733 2837 1850 2893 sint
1877 2838 2186 2895 interfecti.
2265 2841 2353 2897 Ut

152 2937 284 2977 vero
307 2922 363 2977 hi
390 2936 632 2995 quoque
657 2926 821 2992 terga
848 2926 1072 2975 vertere
1095 2918 1281 2973 coacti
1306 2925 1461 2983 sunt,
1485 2916 1714 2973 Thebas
1743 2932 1805 2972 se
1833 2924 2197 2989 receperunt,
2226 2933 2348 2974 non

155 2999 373 3071 quidem
414 3001 499 3055 ita
534 2998 859 3070 (incondita
894 2996 1069 3072 fuga)
1101 3006 1169 3052 ut
1194 2995 1402 3061 Persae‚
1432 3001 1537 3051 aut
1574 3001 1644 3050 ut
1683 2992 1908 3066 reliqua
1946 2994 2119 3051 turba
2155 2996 2349 3051 socio-

154 3093 300 3144 rum,
326 3079 427 3153 qui
476 3076 645 3133 nulla
673 3094 731 3132 re
758 3082 1041 3151 gesta,‚ac
1066 3090 1139 3133 ne
1165 3090 1373 3148 pugna
1396 3073 1632 3147 quidem
1661 3089 1798 3129 cum
1832 3072 1952 3129 ullo
1978 3089 2054 3128 ex
2087 3073 2351 3131 hostibus

156 3168 431 3222 conserta,
464 3156 534 3211 in
565 3154 771 3229 fugam
800 3171 862 3209 se
887 3153 1323 3226 proripuerunt.

225 3238 315 3289 68.
354 3236 553 3307 Atque
588 3234 723 3291 hinc
754 3232 1017 3303 adparet,
1046 3231 1435 3287 Barbarorum
1478 3247 1566 3285 res
1595 3229 1894 3285 universas
1926 3246 1998 3284 cx
2025 3228 2211 3285 Persis
2242 3246 2347 3303 pe-

153 3313 411 3383 pendisse
429 3338 445 3383 ;
490 3309 966 3384 quandoquidem
1004 3318 1065 3367 et
1104 3310 1162 3371 hi
1206 3317 1365 3375 tunc,
1394 3309 1736 3381 priusquam
1779 3324 1916 3363 cum
1955 3308 2121 3363 hoste
2157 3317 2368 3379 essent,

154 3394 465 3465 congressi,
495 3389 851 3461 simulatque
876 3388 1081 3445 Persas
1104 3386 1301 3445 videre
1332 3387 1647 3461 fugienteS,
1677 3394 1738 3441 et
1773 3385 1882 3457 ipsi
1911 3384 2117 3460 fugam
2147 3404 2349 3460 capes-

154 3468 422 3527 siverunt.
506 3468 719 3542 Itaque
760 3483 967 3529 omnes
1010 3482 1073 3521 se
1115 3464 1280 3540 fugae
1328 3465 1706 3530 mandarunt,
1742 3470 1949 3535 praeter
1997 3465 2348 3537 equitatum,

153 3562 327 3618 quum
355 3548 669 3622 reliquum,
698 3553 827 3607 tum
860 3544 1199 3601 Boeoticum.
1278 3544 1470 3617 Atque
1507 3540 1873 3616 fugientibus
1911 3557 2132 3616 magno
2169 3543 2349 3599 etiam

153 3626 280 3683 usui
306 3626 603 3699 equitatus
634 3624 767 3688 fuit,
796 3640 1025 3695 semper
1051 3622 1315 3695 proxime
1340 3622 1415 3677 ab
1442 3620 1710 3677 hostibus
1736 3620 2099 3695 obequitanS,
2125 3628 2184 3676 et
2212 3638 2350 3679 suos

155 3701 449 3777 fugientes
476 3723 515 3762 a
541 3702 761 3762 Graecis
788 3696 1128 3773 sejungens,

228 3786 323 3842 69.
349 3782 513 3843 Dum
540 3782 625 3837 ita
648 3781 897 3837 victores
912 3778 1103 3836 Graeci
1124 3776 1417 3851 fugientes
1441 3776 1732 3833 Barbaros
1751 3782 2177 3849 persequuntur
2199 3775 2352 3831 occi-

155 3857 687 3940 duntque,.interim
715 3857 955 3931 reliquis
980 3856 1223 3922 Graecis,
1242 3855 1344 3928 qui
1366 3856 1520 3911 circa
1543 3855 1589 3911 J
1589 3857 1777 3911 anonis
1800 3854 2054 3925 templum
2078 3853 2352 3911 consede·

155 3946 303 4004 rant,
326 3948 384 4001 et
414 3938 615 4011 praelio
640 3955 757 3994 non
788 3935 1194 4000 interfuerant,
1222 3934 1540 3993 nunciatur
1566 3950 1831 4008 pugnam
1855 3947 1980 4017 esse
2007 3939 2375 4004 pugnatam*

157 4014 472 4092 vicisseque
500 4016 851 4075 Pausaniam
868 4031 1015 4088 „cum
1042 4013 1180 4071 suis.
1221 4012 1357 4073 Quo
1384 4012 1608 4079 audito,
1639 4010 1800 4068 nullo
1827 4007 2030 4083 ordine
2059 4007 2354 4069 Corinthii

158 4096 442 4177 superiore
466 4096 585 4165 via,
609 4110 742 4170 quae
764 4110 867 4169 per
892 4091 1114 4153 montis
1142 4090 1361 4151 radices
1384 4098 1443 4147 et
1472 4106 1574 4166 per
1601 4090 1782 4169 clivos
1808 4085 1944 4155 fert,
1971 4094 2127 4146 recta
2153 4106 2352 4146 versus
