2925 4992
1074 290 1443 353 THALIA.
2025 338 2032 345 .
2249 294 2358 351 1¹71

184 450 251 508 Et
272 450 389 519 ille,
412 450 769 526 simulatque·
790 450 1075 509 adductus
1102 460 1211 518 est,
1238 452 1542 525 increpans
1579 449 1822 508 fratrem
1849 460 1910 509 et
1933 451 2216 527 ignavum
2247 450 2354 507 ad-

182 530 407 605 pellans,
453 532 795 603 persuadere
834 530 891 586 ei
934 537 1181 587 conatus
1208 539 1318 595 est,
1364 539 1433 585 ut
1472 530 1532 584 in
1559 528 1764 586 Persas
1791 532 2078 604 impetum
2114 529 2354 595 faceret,

183 610 261 663 his
286 626 417 665 usus
440 609 647 665 verbis.
727 615 768 640 “
796 609 899 666 Me
933 612 1109 674 vero,’
1116 608 1370 695 ’inquit,
1416 614 1459 639 “
1481 626 1520 663 o
1547 606 1852 665 hominum
1876 609 2150 683 pessime,
2179 615 2354 665 tuum

186 686 499 752 “,fratrem
528 689 627 761 qui
653 688 805 743 nihil
830 687 1049 760 deliqui
1076 687 1235 759 quod
1262 682 1514 743 vinculis
1541 687 1790 760 dignum
1821 695 1996 753 esset,
2021 685 2092 741 ad
2118 685 2356 741 vincula

184 771 291 820 “et
315 765 755 821 subterraneum
794 783 1085 823 carcerem
1128 764 1571 821 condemnasti·
1617 764 1822 821 Persas
1872 782 2010 821 vero
2055 780 2238 837 quum
2265 764 2353 819 vi-

184 843 363 901 “deas
390 853 447 899 te
474 840 773 914 ejicientes
816 853 877 900 et
924 844 987 899 in
1034 842 1307 899 exsilium
1334 852 1596 917 agentes,
1625 860 1752 899 non
1793 844 1973 899 audes
2019 858 2248 915 poenam
2277 841 2356 899 ah

181 927 216 951 “
240 922 343 978 illis
368 932 646 994 repetere,
673 923 813 981 licet
838 923 923 979 ita
950 918 1121 977 facile
1152 922 1407 994 opprimi
1454 922 1702 995 possint.
1778 922 1956 984 Quod
2003 922 2052 977 si
2099 928 2168 977 tu
2217 919 2354 977 illos

181 1006 217 1031 “
239 1001 635 1073 perhorrescis,
664 1010 726 1057 at
750 1000 901 1057 mihi
936 1000 1013 1056 (la
1056 999 1387 1064 auxiliares,
1414 1010 1476 1055 et
1501 1017 1614 1074 ego
1641 1000 1716 1055 ab
1743 999 1862 1056 illis
1895 999 1976 1055 ob
2027 1009 2194 1057 terrae
2239 1014 2350 1054 no·-

181 1084 213 1109 “
236 1087 358 1136 strae
382 1080 751 1135 invasionem
780 1096 987 1153 poenas
1014 1094 1247 1135 sumam
1272 1094 1289 1133 ι
1325 1086 1498 1151 teque
1525 1082 1718 1151 ipsum
1745 1086 1980 1152 paratus
2003 1095 2138 1135 sum
2161 1094 2236 1133 ex
2261 1077 2354 1133 in·
2401 1098 2408 1105 ·

178 1162 211 1187 “
232 1158 349 1213 sula
375 1158 729 1214 dimittere.”
2347 1190 2352 1200 ·

240 1240 361 1291 146.
408 1236 557 1293 Haec
577 1254 615 1291 a
634 1233 905 1293 Charilao
929 1236 1089 1293 dicta
1110 1235 1383 1309 probavit
1402 1234 1804 1305 Maeandrius,
1789 1259 1804 1273 ·
1849 1244 1916 1294 ut
1939 1235 2088 1293 mihi
2113 1236 2352 1310 quidem

174 1312 395 1379 videtur,
424 1332 551 1371 non
576 1316 733 1388 quod
780 1332 853 1371 eo
892 1316 1163 1373 stultitiae
1203 1314 1478 1379 venisset,
1505 1322 1578 1369 ut
1599 1314 1956 1373 existimaret
1993 1331 2128 1371 suas
2153 1316 2352 1389 copias

174 1394 464 1465 superiores
508 1393 743 1451 futuras
780 1394 961 1467 copiis
998 1394 1197 1468 regis3
1253 1393 1353 1449 sed
1394 1393 1588 1465 potius
1633 1392 1897 1449 invidens
1942 1393 2257 1467 Sylosonti,
2299 1394 2352 1451 si

172 1468 439 1529 civitatem
482 1472 711 1529 salvam
756 1482 817 1528 et
858 1474 1153 1547 integram
1202 1471 1371 1527 nullo
1418 1471 1620 1528 labore
1657 1467 2032 1527 obtinuisset.
2121 1470 2352 1545 ltaque,

173 1548 429 1605 irritando
460 1550 691 1616 Persas,
717 1550 907 1607 voluit
936 1566 1024 1606 res
1048 1548 1376 1605 Samiorum
1402 1566 1582 1621 quam
1618 1550 1876 1605 maxime
1905 1550 2168 1605 infirmas
2213 1548 2348 1605 red-

170 1626 299 1695 dere,
326 1637 501 1701 atque
528 1626 615 1685 ita
642 1630 849 1685 urbem
874 1630 1140 1686 tradere:
1182 1627 1329 1683 bene
1350 1627 1570 1701 quippe
1593 1643 1842 1701 gnarus,
1869 1627 1916 1683 si
1939 1628 2096 1683 male
2121 1628 2347 1701 accipe-

170 1714 343 1765 rentur
366 1707 586 1771 Persae,
614 1714 783 1763 tanto
826 1708 1017 1782 magis
1060 1722 1159 1762 eos
1194 1713 1598 1779 exasperatum
1643 1706 1712 1762 iri
1755 1705 2030 1762 adversus
2073 1706 2344 1777 Samios3

169 1792 217 1839 et
238 1794 435 1841 notum
480 1786 604 1841 sibi
628 1786 849 1842 exitum
894 1787 1138 1851 habens,
1182 1800 1287 1857 per
1330 1802 1506 1857 quem
1553 1791 1686 1839 tuto
1729 1800 1802 1839 ex
1843 1784 2042 1841 insula
2081 1784 2348 1852 evadere,

168 1862 497 1936 simulatque
525 1864 835 1931 voluisset,
865 1871 1101 1938 posset:
1145 1862 1541 1919 effodiendum
1571 1862 1734 1919 enim
1759 1861 1874 1918 sibi
1901 1872 2206 1921 curaverat
2241 1880 2346 1921 oe-

170 1940 371 1999 cultum
396 1941 774 2009 cuniculum,
796 1958 873 1999 ex
898 1960 1031 1999 arce
1052 1942 1123 1997 ad
1154 1958 1313 1997 mare
1340 1940 1671 1997 ducentem
1751 1938 1884 2013 Ipse
1909 1941 2092 2014 igitur
2113 1942 2348 1999 Maean-

169 2017 307 2076 drius
332 2022 511 2078 Samo
542 2022 681 2077 navi
708 2022 1042 2096 egreditur:
1091 2018 1397 2077 Charilaus
1417 2035 1560 2075 vero
1577 2019 1888 2075 auxiliares
1903 2027 2144 2076 cunctos
2160 2021 2350 2081 armis

170 2096 482 2177 instructos,
512 2100 731 2191 apertis
770 2100 979 2173 portis,
1008 2098 1285 2155 adversus
1310 2098 1515 2155 Persas
1543 2099 1758 2162 educit,
1790 2098 1938 2153 nihil
1979 2098 2096 2154 tale
2137 2112 2363 2173 exspes

166 2184 381 2247 etantes,
409 2180 733 2250 omniaque
758 2178 1099 2235 convenisse
1142 2176 1556 2233 existimantes.
1637 2176 1717 2231 Et
1761 2176 2088 2243 auxiliares,
2119 2178 2348 2252 impetu

165 2253 317 2321 facto,
343 2256 575 2313 nobiles
604 2256 809 2312 Persas
834 2256 997 2313 sellis
1020 2255 1335 2312 insidentes
1378 2252 1758 2311 interficiunt.
1839 2253 2004 2310 Dum
2033 2272 2172 2311 vero
2197 2256 2260 2311 hi
2286 2256 2346 2312 id

166 2332 389 2402 faciunt,
418 2335 725 2409 suppetias
772 2335 1004 2391 interim
1047 2334 1362 2391 adcurrunt
1397 2332 1636 2405 reliquae
1675 2332 1984 2389 Persarum
2023 2334 2242 2407 copiae·
2231 2378 2244 2391 .
2309 2352 2348 2391 a

166 2412 349 2482 quibus
374 2413 601 2487 repulsi
625 2412 959 2480 auxiliares,
988 2413 1047 2468 in
1073 2430 1205 2469 arce
1232 2418 1370 2467 sunt
1392 2410 1673 2467 conclusi.

232 2495 352 2557 147.
391 2494 620 2549 Otanes
647 2508 787 2549 vero
810 2492 950 2558 dux,
978 2492 1279 2566 ingentem
1303 2489 1504 2545 videns
1531 2488 1947 2556 calamitatem,
1984 2507 2164 2563 quam
2190 2490 2346 2564 passi

165 2579 303 2625 erant
326 2571 549 2636 Persae,
578 2586 763 2643 neque
788 2571 1065 2627 mandata
1094 2570 1398 2643 ignorans,
1426 2584 1562 2640 quae
1601 2568 1692 2623 illi
1734 2566 1965 2636 Darius,
1992 2586 2177 2643 quum
2203 2586 2344 2625 eum

164 2643 373 2705 Samum
400 2651 693 2715 mitteret,
720 2649 975 2714 dederat,
1004 2664 1071 2704 ne
1099 2649 1407 2703 Samiorum
1432 2664 1752 2718 quemquam
1776 2647 1861 2701 vel
1885 2650 2147 2705 occideret
2174 2650 2260 2704 vel
2285 2650 2344 2703 in

161 2729 445 2785 servitutem
469 2728 765 2799 redigeret,
790 2730 885 2783 sed
919 2730 1203 2783 immunem
1226 2726 1492 2781 malorum
1513 2726 1746 2781 insulam
1771 2727 2008 2781 traderet
2035 2726 2309 2799 Sylosonti
2324 2750 2349 2793 ,-

162 2806 411 2863 mandata
430 2808 553 2863 ista
569 2805 777 2863 lubens
796 2806 1017 2863 oblitus
1032 2813 1145 2871 est,
1162 2804 1457 2876 edixitque
1479 2803 1776 2869 exercitui,
1799 2822 2179 2877 quemcumque
2194 2808 2346 2861 nacti

161 2892 325 2951 mart,
342 2888 453 2943 sive
476 2887 683 2951 virum,
702 2888 815 2941 sive
833 2901 1083 2956 puerum,
1100 2900 1221 2938 eum
1241 2883 1469 2955 perinde
1489 2882 1862 2956 interficerent.
1917 2883 2012 2939 Ibi
2033 2890 2162 2939 tum
2183 2883 2342 2939 mili-

161 2967 271 3019 tum
294 2965 394 3021 alii
420 2971 849 3037 oppugnarunt
886 2980 1100 3027 arcem,
1126 2962 1227 3018 alii
1258 2978 1399 3017 vero
1429 2960 1676 3016 obvium
1705 2976 2000 3033 quemque
2026 2961 2342 3017 interfece-

160 3049 299 3107 runt,
322 3043 487 3099 nullo
518 3042 853 3099 discrimine
880 3042 1005 3097 sive
1031 3057 1195 3098 sacro
1224 3040 1285 3095 in
1312 3039 1465 3105 loco,
1495 3038 1620 3095 sive
1649 3038 1706 3093 in
1736 3037 2000 3110 profano.

226 3124 351 3177 148.
384 3120 772 3186 Maeandrius,
824 3116 999 3176 Samo
1054 3119 1419 3193 profugienS,
1473 3114 1964 3173 Lacedaemonem
2017 3116 2342 3192 navigavit.

158 3196 273 3257 Quo
308 3201 629 3273 postquam
671 3198 955 3271 pervenit,
984 3214 1213 3270 resque,
1251 3214 1398 3269 quas
1434 3212 1636 3251 secum
1679 3194 2012 3261 advexerat,
2038 3195 2098 3252 in
2144 3196 2342 3269 hospi-

157 3274 289 3333 tium
312 3277 749 3335 transferendas
778 3276 1025 3342 curavit,
1036 3277 1235 3332 ‚hocce
1262 3274 1520 3331 instituit
1554 3272 1787 3329 facere..
1847 3273 2066 3331 Pocula
2094 3274 2346 3331 subinde

158 3358 479 3427 exponebat·
516 3372 692 3415 aurea
734 3363 795 3411 et
836 3363 1133 3429 argentea,
1178 3370 1360 3427 eaque
1412 3352 1799 3425 extergebant
1841 3350 2087 3408 famuli.
2133 3361 2194 3409 et
2241 3352 2346 3410 ille

156 3434 415 3503 peridem
455 3443 695 3507 tempus
732 3452 869 3491 cum
900 3434 1243 3498 Cleomene,
1275 3429 1700 3487 Anaxandridae
1742 3429 1886 3497 filio,
1915 3448 2054 3505 rege
2101 3428 2338 3505 Sparta·

154 3524 371 3580 norum,
399 3530 707 3571 sermones
733 3512 1003 3579 miscens,
1032 3528 1233 3569 secum
1258 3510 1319 3567 in
1346 3508 1670 3580 hospitium
1709 3507 1878 3563 illum
1909 3509 2201 3581 ducebat3
2235 3509 2340 3567 ubi

156 3604 317 3673 quum
369 3590 591 3666 pocula
634 3591 840 3647 videns
894 3591 1245 3650 Cleomenes
1286 3586 1670 3643 admiratione
1715 3593 2000 3661 stuperet,
2053 3587 2154 3644 ille
2195 3604 2346 3644 eum

70 3655 85 3667 ⁶
150 3659 379 3733 jub‘eb‘at
402 3689 481 3726 ex
510 3670 599 3725 his
626 3686 827 3727 secum
853 3670 1085 3725 auferre
1110 3681 1498 3755 quaecumque
1523 3664 1821 3721 voluisset.
1901 3665 1970 3723 Id
2015 3682 2200 3739 quum
2247 3665 2338 3721 bis

157 3753 247 3802 aut
282 3755 371 3805 ter
396 3747 759 3809 Maeandrius
802 3748 1061 3813 dixisset,
1102 3741 1468 3816 justissimus
1513 3742 1604 3797 vir
1643 3742 1760 3799 fuit
1799 3743 2186 3801 Cleomenes·
2170 3768 2188 3814 3
2231 3744 2352 3823 qui

155 3825 397 3899 accipere
422 3826 625 3883 oblata
662 3825 1033 3902 dedignatus,
1077 3840 1263 3897 quum
1308 3820 1820 3889 animadverteret,
1864 3824 1916 3877 si
1959 3822 2090 3879 aliis
2131 3802 2362 3879 eadem¹

154 3901 387 3971 offerret,
416 3904 639 3963 auxilia
676 3922 811 3961 eum
856 3905 1261 3967 inventurum,
1308 3898 1558 3974 ephoros
1601 3899 1768 3966 adiit,
1795 3899 2082 3973 dixitque,
2123 3918 2194 3956 ex
2233 3918 2348 3957 usu·

158 3995 251 4035 erre
274 3982 515 4055 Spartae,
542 3990 609 4039 at
652 3982 871 4039 Samius
908 3983 1094 4055 hospes
1120 3980 1490 4052 Peloponneso
1513 3978 1865 4051 egrediatur,
1902 3996 1970 4034 ne
1991 3985 2093 4034 aut
2139 3996 2196 4035 se
2236 3985 2341 4037 aut

158 4057 323 4123 alim
332 4080 417 4121 ex
425 4062 721 4135 Spartanis
742 4068 1071 4135 corrumpat.
1149 4060 1289 4121 Qua
1312 4074 1375 4116 re
1402 4057 1623 4127 audita,
1651 4056 1856 4131 ephori
1878 4072 1981 4132 per
2005 4072 2336 4132 proecouem

158 4134 302 4197 abire
326 4138 720 4234 Maeandrium
735 4136 1107 4217 jusserunt...
1182 4232 1215 4273 z
1241 4218 1281 4271 ς
