2925 4992
560 322 699 385 -224
1136 320 1640 384 HERODOTI
1708 316 2072 381 HISTOR.
2129 320 2236 379 lv.

576 484 746 555 c‘hia3
798 482 967 540 bovis
992 482 1115 540 fere
1148 480 1560 559 magnitudine
1597 480 1821 551 bestia3
1867 488 2009 537 sunt
2035 480 2180 537 item
2217 463 2493 547 bassaris,
2521 476 2622 555 [de
2650 478 2779 536 vul-

576 564 744 639 pium
793 562 1055 639 genere‚]
1110 562 1351 639 hyaenoe,
1381 562 1684 635 hystrices,
1713 524 1824 623 feri
1865 561 2100 626 arieteS,
2144 560 2386 632 dictyes,
2417 559 2609 625 thoes,
2621 573 2782 633 pan-

576 642 797 706 theres,
844 641 1075 717 boryes,
1118 641 1395 697 crocodili
1438 646 1736 696 terrestres
1773 638 2158 705 tricubitaies,
2199 638 2432 694 lacertis
2475 599 2782 703 simillimi,

578 721 958 787 struthiones,
1002 726 1299 795 serpentes
1344 718 1543 793 pusilli
1589 714 1839 793 singulis
1885 718 2162 773 cornibus
2203 718 2488 773 instructi.
2567 718 2654 773 Et
2696 718 2784 773 hae

580 800 666 855 ibi
698 799 900 854 bestiae
927 806 1089 866 sunt,
1118 807 1177 855 et
1205 800 1335 855 aliae
1352 816 1486 873 quae
1501 798 1646 853 item
1675 796 1837 862 alibi,
1863 814 2034 852 cervo
2059 805 2120 852 et
2149 814 2289 870 apro
2317 797 2618 871 exceptis·
2604 840 2617 851 .
2665 812 2785 853 cer-

576 894 689 933 vus
713 878 874 933 enim
902 886 961 933 et
988 895 1125 951 aper
1151 878 1211 933 in
1242 878 1440 933 Africa
1477 876 1726 932 omnino
1768 875 1964 931 nullus
2004 878 2308 949 reperitur.
2395 876 2550 931 Sunt
2589 882 2786 931 autem

576 953 799 1013 ibidem
822 956 1086 1012 murium
1120 956 1233 1011 tria
1273 964 1524 1031 genera3
1575 972 1760 1010 unum
1787 970 1989 1009 earum
2034 972 2165 1027 quae
2209 956 2420 1028 bipedes
2461 961 2786 1010 vocantur:

559 1035 711 1092 -aliae
735 1037 985 1109 zegerus,
1017 1034 1239 1107 Libyco
1283 1030 1519 1090 nomine
1559 1032 1716 1107 quod
1755 1033 1960 1089 Groece
2001 1030 2209 1109 lingua
2248 1034 2411 1089 colles
2447 1034 2784 1109 significat:

554 1110 819 1170 xenium
848 1130 1060 1189 genus,
1088 1114 1371 1169 echinees.
1453 1112 1604 1168 Sunt
1627 1112 1806 1169 etiam
1850 1112 2137 1179 mustelae,
2167 1130 2300 1186 quae
2327 1113 2392 1167 in
2421 1113 2645 1185 silphio
2684 1129 2785 1167 na-

578 1199 842 1258 scuntur,
884 1192 1190 1249 'l'artessiis
1234 1190 1564 1249 simillimae.
1657 1190 1776 1247 Tot
1819 1190 2136 1247 bestiarum
2168 1208 2402 1266 genera
2444 1191 2630 1247 habet
2669 1190 2787 1246 haec
2835 1242 2843 1249 .

576 1271 924 1328 Nomadum
962 1270 1325 1347 ‘Libycorum
1358 1271 1545 1346 regio,
1576 1270 1770 1343 quoad
1811 1286 1919 1325 nos
1959 1271 2310 1346 longissime
2351 1270 2786 1345 percunctando

584 1350 907 1423 comperire
936 1351 1259 1425 potuimus.

662 1432 793 1486 1.93
832 1428 1120 1503 Maxyum
1162 1430 1439 1485 Afrorum
1482 1426 1723 1483 finitimi
1766 1429 2005 1484 Zaueces
2033 1434 2209 1484 sunt:
2257 1428 2472 1502 quibus
2513 1428 2788 1485 mulieres

558 1508 843 1584 plaustra
868 1509 1229 1585 aurigantur,
1254 1508 1315 1565 in
1346 1508 1567 1563 bellum
1599 1507 2115 1580 proficiscentibus.

636 1588 798 1644 ’194.
842 1586 956 1643 His
996 1587 1262 1663 contigui
1290 1595 1425 1643 sunt
1448 1586 1792 1673 Gyzantes.
1835 1583 1990 1659 apud
2035 1604 2183 1661 quos
2224 1584 2552 1661 plurimum
2603 1584 2790 1648 mellis

578 1675 791 1739 parant
819 1680 993 1741 apes.
1032 1668 1225 1722 multo
1255 1684 1393 1721 vero
1438 1660 1626 1736 major
1666 1664 1836 1738 copia
1885 1672 2124 1739 paratur
2171 1666 2482 1722 hominum
2525 1664 2787 1723 artificio.

580 1746 669 1803 Hi
690 1762 897 1802 omnes
925 1745 1109 1801 minio
1134 1746 1498 1820 pinguntur3
1543 1750 1976 1818 vescunturque
2001 1745 2209 1812 simiis,
2242 1762 2494 1819 quarum
2539 1744 2785 1801 incredi-

560 1824 713 1881 ,bilis
740 1824 911 1896 copia
937 1824 997 1877 in
1026 1842 1232 1881 eorum
1260 1824 1564 1880 montibus
1595 1824 1869 1879 nascitur.

666 1908 796 1961 195.
839 1902 1030 1975 Prope
1087 1903 1296 1979 horugn
1350 1904 1672 1977 regionem,
1725 1900 1892 1959 aiunt
1943 1902 2481 1979 Carthaginienses,
2533 1902 2786 1961 insulam

558 1998 731 2046 csse,
782 1981 880 2037 cui
932 1998 1169 2041 nomen
1206 1982 1512 2047 CerauniS,
1569 1980 1958 2037 ducentorum
2014 1984 2340 2039 stadiorum
2393 1980 2787 2057 longitudine,
2893 2026 2895 2035 .

580 2059 893 2116 latitudine
918 2066 1158 2126 arctam,
1186 2060 1250 2115 in
1280 2078 1458 2135 quam
1489 2060 1726 2116 transiri
1757 2078 1788 2115 e
1813 2060 2144 2117 continenti
2175 2063 2398 2136 possit:
2439 2078 2569 2117 esse
2597 2070 2788 2118 autem
2893 2056 2895 2071 '

580 2156 715 2195 eam
740 2133 883 2194 oleis
908 2147 969 2193 et
996 2138 1215 2195 vitibus
1234 2140 1538 2195 refertam.
1617 2137 1764 2193 Esse
1809 2139 1868 2194 in
1909 2141 2112 2195 eadem
2151 2141 2372 2206 lacum,
2401 2158 2434 2195 e
2462 2158 2587 2215 quo
2613 2140 2788 2216 virgi-

580 2234 686 2273 nes
710 2218 1005 2293 indigenae
1034 2218 1241 2290 pennis
1269 2218 1603 2274 volucrium
1630 2218 1756 2290 pice
1782 2215 1946 2273 illitis
1970 2218 2233 2275 'ramenta
2262 2220 2386 2276 auri
2416 2236 2494 2273 ex
2521 2219 2674 2276 limo
2702 2236 2785 2275 re-

582 2296 791 2353 ferant.
878 2296 1011 2352 Hoc
1037 2296 1272 2370 quidem
1300 2316 1375 2353 nn
1402 2314 1540 2352 vere
1567 2296 1650 2353 ita
1671 2297 1749 2351 sit
1779 2296 2006 2352 nescio·
2056 2298 2248 2354 scribo
2275 2306 2474 2354 autem
2499 2314 2641 2391 quae
2665 2316 2788 2353 nar-

564 2373 799 2433 ·ran'tur.
878 2374 1080 2431 Fuerit
1116 2384 1311 2432 autem
1352 2377 1600 2433 omnino
1643 2392 1888 2445 verum3
1935 2378 2408 2451 quandoquidem
2455 2377 2641 2433 etiam
2683 2378 2789 2433 Za·

570 2456 781 2529 cynthi
810 2472 845 2510 e
869 2454 1001 2511 lacu
1022 2462 1083 2509 et
1108 2472 1180 2510 ex
1208 2472 1361 2529 aqua
1383 2453 1588 2529 colligi
1611 2454 1796 2527 picem
1824 2453 1947 2529 ipse
1968 2455 2105 2511 vidi.
2187 2456 2336 2512 Sunt
2363 2456 2444 2512 ibi
2468 2456 2638 2513 lacus
2663 2456 2787 2531 qui-

564 2535 717 2591 -dem
746 2534 963 2608 plures,
990 2550 1242 2607 quorum
1272 2535 1570 2589 maximus
1613 2538 1724 2588 est‘
1745 2535 2123 2609 septuaginta
2166 2536 2380 2608 pedum
2424 2552 2789 2609 quaquaver-

580 2628 739 2700 sum,
792 2612 1102 2668 duodecim
1150 2608 1368 2685 pedum
1422 2611 1767 2668 altitudine:
1831 2614 1891 2667 in
1943 2614 2098 2669 hunc
2147 2614 2472 2670 demittunt
2519 2623 2786 2680 contum,

582 2687 755 2761 cnjus
772 2692 842 2746 ‘in
864 2698 1127 2745 extremo
1152 2698 1379 2764 myrtus
1420 2689 1665 2765 alligata
1705 2700 1834 2761 est3
1885 2690 1996 2746 hac
2031 2700 2222 2767 myrto
2268 2694 2534 2752 educunt
2581 2694 2788 2769 picem,

578 2786 712 2844 quae
750 2769 991 2825 odorem
1040 2768 1215 2825 habet
1252 2770 1527 2843 asphalti,
1557 2778 1833 2825 caeterum
1877 2769 2084 2826 Pieriae
2121 2780 2359 2846 praestat
2401 2772 2535 2845 pici.
2625 2772 2788 2828 Hanc
2891 2809 2893 2825 .

582 2848 953 2907 infundunt’
937 2866 997 2904 m
1024 2849 1288 2903 scrobem
1332 2866 1515 2922 prope
1553 2849 1751 2904 lacum
1791 2844 2096 2906 effossam:
2142 2858 2203 2908 et
2233 2858 2546 2926 postquam
2579 2852 2788 2926 proba-

566 2928 763 2985 ·hilem
786 2928 931 3000 picis
961 2927 1191 2999 copiam
1234 2928 1623 3002 collegerunt,
1653 2946 1726 2983 ex
1755 2928 1927 2983 fovea
1953 2928 2161 2985 illam
2145 2948 2206 2985 m
2237 2932 2554 3003 amphoras
2586 2930 2787 2987 infun-

550 3005 751 3065 'dunt.
806 3005 1148 3081 Quidquid‘
1134 3024 1192 3061 ιιι
1218 3006 1417 3063 lacum
1448 3004 1669 3072 incidit,
1695 3006 1756 3062 id
1784 3014 1995 3063 terram
2027 3006 2207 3074 subit,
2235 3016 2294 3065 et
2321 3010 2380 3063 in
2409 3010 2567 3065 mari
2597 3026 2787 3065 rursus

566 3094 919 3158 -comparet3
964 3088 1131 3141 abest
1174 3092 1379 3142 auteur
1425 3104 1588 3141 mare
1627 3104 1664 3140 a
1707 3084 1841 3141 lacu
1887 3094 2137 3159 quatuor
2180 3088 2385 3144 stadia.
2465 3086 2562 3143 Ita
2613 3089 2788 3163 igitur

570 3168 787 3231 etiam,
816 3179 949 3239 quae
974 3165 1046 3220 de
1074 3165 1267 3224 insula
1294 3164 1395 3219 illa
1420 3170 1732 3221 narrantur
1755 3164 1830 3220 ad
1859 3164 2118 3221 Africam
2148 3167 2278 3233 sita,
2318 3184 2441 3223 non
2484 3166 2790 3225 dissimilia

584 3260 725 3303 vero
748 3246 901 3299 sunt.

576 3344 579 3350 ·
667 3326 799 3379 196.
838 3322 1099 3378 Narrant
1136 3320 1313 3377 iidem
1356 3322 1866 3397 Carthaginienses
1907 3322 2134 3381 haecce:
2179 3342 2305 3381 esse
2341 3324 2538 3381 locum
2585 3324 2786 3399 Libyae

582 3412 749 3459 extra
774 3400 1097 3457 Herculeas
1122 3401 1454 3467 columnas,
1482 3402 1868 3474 hominesque
1884 3403 1972 3459 ibi
1994 3404 2342 3469 habitantes,
2367 3420 2515 3477 quos
2541 3405 2784 3477 quando

582 3481 699 3553 ipsi
722 3479 1020 3537 mercandi
1044 3483 1252 3535 caiussa
1290 3479 1522 3546 adeant,
1547 3479 1841 3553 expositas
1881 3500 1915 3536 e
1955 3483 2088 3537 navi
2117 3500 2338 3539 merces
2365 3483 2428 3538 in
2455 3484 2586 3557 ipso
2615 3483 2784 3539 maris

580 3561 757 3617 litore
780 3577 815 3614 a
838 3577 901 3615 se
928 3559 1135 3615 ordine
1160 3558 1391 3631 disponi
1414 3580 1427 3613 ε
1475 3568 1614 3614 tunc
1642 3576 1722 3624 se,
1753 3561 2076 3617 conscensis
2105 3578 2304 3618 rursus
2332 3562 2608 3628 navibus,
2640 3562 2784 3618 exci-

582 3648 709 3696 tare
746 3637 1004 3695 fumum.
1088 3634 1425 3712 Indigenas,
1475 3646 1790 3712 conspecto
1840 3640 2030 3707 fumo,
2071 3641 2340 3697 accedere
2383 3640 2460 3697 ad
2502 3659 2688 3707 mare,
2729 3647 2786 3697 et

583 3718 849 3792 deposito
876 3735 983 3791 pro
1010 3716 1301 3773 mercibus
1326 3734 1472 3772 auro
1495 3734 1694 3773 rursus
1724 3718 1929 3791 procul
1961 3738 1996 3774 n
2033 3718 2206 3777 litore
2233 3720 2546 3776 discedere.
2629 3720 2782 3776 Tum

584 3797 1121 3872 Carthaginienses,
1164 3792 1413 3851 navibus
1466 3812 1755 3889 egi-essm,
1813 3815 1937 3853 rem
1989 3798 2312 3870 inspicere.
2373 3810 2454 3866 et
2507 3798 2559 3853 si
2609 3799 2783 3873 aequi-

582 3876 877 3933 valentem
907 3875 1199 3931 mercibus
1231 3875 1359 3930 auri
1398 3876 1630 3949 copiam
1659 3876 2001 3949 repererint,
2031 3876 2230 3947 ablato
2268 3895 2411 3935 auro
2451 3878 2654 3949 abire3
2697 3880 2782 3935 sin

574 3956 803 4021 ninus,
830 3954 1016 4011 redire
1056 3953 1259 4014 itidem
1298 3954 1361 4009 in
1405 3972 1604 4021 naveS,
1632 3954 1832 4028 ibique
1869 3956 2134 4013 residere·-
2213 3956 2371 4014 Tum
2399 3950 2598 4015 denuo
2615 3976 2781 4015 acce-

584 4034 789 4091 dentes
828 4034 985 4099 illos,
1020 4030 1180 4089 aliud
1226 4048 1439 4089 nurum
1481 4032 1554 4089 ad
1605 4034 1766 4107 prius
1811 4024 2079 4105 adjicere,
2115 4036 2328 4093 donec
2339 4037 2483 4111 ipsis
2527 4042 2600 4093 ut
2645 4036 2779 4094 satis

580 4112 841 4171 habeant
868 4112 1293 4187 persuaserint.
1387 4112 1517 4167 Nec
1566 4128 1708 4172 vero
1747 4115 1962 4169 alteros
2003 4114 2200 4172 alteris
2239 4114 2432 4172 facere
2471 4112 2779 4187 injuriam·

582 4210 726 4253 nam
766 4210 879 4251 nee
916 4208 1047 4249 sese
1086 4208 1297 4249 aur-um
1342 4198 1584 4269 tangere
1617 4192 1960 4268 priusquam
1993 4192 2106 4251 sibi
2149 4196 2405 4270 pretium
2431 4196 2777 4271 aequivalens
