2925 4992
1062 321 1526 387 BUTERPE.
2315 334 2402 393 99

186 484 365 550 uices,
394 488 458 540 et
486 481 620 558 Syri
650 480 1031 541 Palaestinam
1069 484 1415 552 incolentes,
1440 484 1794 559 profitentur
1829 486 1967 561 ipsi,
1993 486 2070 543 ab
2093 486 2400 564 AEgyptiis

191 580 249 618 se
285 563 399 618 hoc
442 559 757 637 accepisse.
834 562 982 637 Syrii
1024 580 1184 631 vero,
1212 566 1316 638 qui
1338 566 1504 619 circa
1514 562 2020 625 Thermodontem
2055 573 2116 622 et
2151 566 2398 625 Parthe-

186 641 344 697 nium
370 637 630 697 fluvium
657 640 943 709 habitant,
972 651 1032 699 et
1052 642 1386 709 Macrones,
1416 634 1626 698 horum
1667 642 1925 709 finitimi,
1953 663 1990 699 a
2015 644 2252 701 Colchis
2279 664 2392 703 nu-

182 736 289 793 per
308 734 373 775 se
396 718 697 793 accepisse
720 720 1005 777 fatentur.
1087 720 1169 776 Hi
1196 723 1357 777 enim
1385 727 1530 776 sunt
1567 721 1678 776 soli
1717 738 1792 777 ex
1827 724 2106 779 omnibus
2131 723 2392 781 homini-

186 799 293 854 bus
318 796 693 868 circumcisi3
741 805 801 854 et
850 798 913 854 hi
953 800 1271 856 manifeste
1312 800 1630 876 AEgyptios
1681 800 1742 855 in
1800 800 1908 857 hac
1957 820 2020 859 re
2073 802 2390 860 imitantur.

179 876 455 952 AEgyptii
482 892 627 932 vero
652 882 859 933 utrum
897 878 977 933 ab
1016 878 1423 971 AEthiopibus,
1454 894 1532 934 an
1575 878 1636 933 hi
1661 878 1736 934 ab
1761 878 1878 935 illis
1915 881 2260 952 acceperint,
2287 882 2392 939 ad-

180 954 415 1012 firmare
440 970 562 1010 non
592 970 871 1027 possum·
854 998 871 1027 ‚
917 958 1335 1029 perantiquum
1363 958 1518 1012 enim
1545 956 1722 1012 ritum
1749 974 1876 1013 esse
1899 960 2158 1031 adparet.
2236 958 2392 1019 Istos

176 1042 377 1091 autem
404 1051 479 1089 ex
506 1032 928 1108 AEgyptiorum
966 1036 1317 1093 commercio
1342 1035 1512 1091 hunc
1547 1035 1724 1091 ritum
1751 1036 2074 1111 adoptasse,
2099 1052 2390 1113 magnum

176 1112 327 1169 mihi
375 1112 561 1167 etiam
606 1112 1031 1170 documentum
1080 1114 1312 1171 videtur
1348 1114 1463 1169 hoc
1506 1130 1672 1169 esse.
1715 1112 2043 1180 Phoenices,
2091 1118 2194 1188 qui
2235 1119 2392 1175 inter

176 1190 423 1247 Graecos
466 1190 699 1260 vivunt,
746 1190 809 1247 in
856 1192 967 1247 hoc
1008 1192 1141 1247 ritu
1170 1192 1243 1249 ad
1286 1192 1559 1267 pudenda
1598 1192 1920 1265 pertinente
1961 1212 2080 1249 non
2129 1196 2387 1269 amplius

172 1269 491 1326 imitantur
503 1266 843 1345 AEgyptios‚
856 1278 921 1326 et
938 1286 1165 1338 eorum,
1182 1270 1285 1345 qui
1307 1280 1443 1345 post
1454 1278 1798 1339 nascuntur,
1815 1288 1936 1329 non
1961 1273 2388 1333 circumcidunt

169 1345 378 1406 virilia.
2425 1365 2440 1377 ⁸

252 1432 389 1484 105.
430 1430 564 1505 Age
604 1446 771 1495 vero,
797 1427 975 1485 etiam
1016 1428 1176 1485 aliud
1216 1426 1291 1485 de
1335 1430 1578 1486 Colchis
1621 1429 2122 1496 commemorabo,
2162 1430 2225 1486 in
2266 1448 2384 1506 quo

171 1502 475 1581 AEgyptiis
515 1509 734 1565 similes
762 1515 919 1564 sunt.
984 1507 1216 1564 «Linum
1258 1508 1371 1563 soli
1410 1508 1476 1563 hi
1513 1516 1574 1565 et
1599 1508 1872 1583 AEgyptii
1900 1508 2260 1566 fabricantur
2283 1527 2386 1566 eo·

169 1584 304 1649 dem
350 1588 577 1644 modo-t
619 1594 791 1659 atque
828 1586 1006 1643 etiam
1043 1592 1171 1642 tota
1206 1586 1343 1642 vitae
1385 1586 1538 1643 ratio
1575 1594 1636 1641 et
1673 1602 1868 1642 sermo
1893 1594 2278 1661 utrorumque
2305 1590 2387 1644 si-

168 1662 329 1720 milis
356 1674 469 1725 est.
549 1664 774 1722 Linum
800 1664 1036 1738 quidem
1064 1664 1375 1720 Colchium
1394 1682 1433 1721 a
1452 1664 1676 1721 Graecis
1715 1661 2064 1721 Sardonium
2089 1672 2340 1722 vocatur
2349 1690 2375 1740 ,-

168 1740 312 1799 illud
341 1762 491 1801 vero
518 1745 673 1819 quod
702 1762 775 1800 ex
797 1744 1063 1817 AEgypto
1084 1743 1370 1808 adfertur,
1397 1742 1756 1817 AEgyptium
1785 1744 2140 1803 nominatur.
2364 1764 2373 1773 ·

249 1826 389 1879 106.
434 1824 859 1879 Columnarum
887 1838 1031 1894 quas
1058 1822 1233 1877 variis
1260 1822 1321 1877 in
1346 1821 1687 1916 regionibus
1708 1822 1908 1894 posuit
1930 1821 2252 1897 AEgyptius
2277 1842 2386 1883 rex

168 1898 477 1968 Sesostris,
505 1902 797 1994 plteraeque
820 1918 940 1957 non
964 1901 1219 1974 amplius
1243 1908 1550 1973 supersunt
1565 1914 1592 1958 t
1635 1901 1696 1955 in
1721 1901 1884 1993 Syria
1907 1918 2050 1957 vero
2075 1900 2386 1962 Palaestina

168 1977 289 2051 ipse
315 1981 668 2053 superstites
692 1979 834 2046 vidi,
862 1980 925 2034 in
950 1979 1167 2071 quibus
1204 1988 1331 2034 erat
1368 1978 1646 2053 praedicta
1675 1979 1992 2067 inscriptiO,
2019 1988 2080 2035 et
2107 1982 2385 2054 pudenda

168 2058 504 2115 muliebria.
584 2055 732 2114 Sunt
756 2058 936 2113 etiam
964 2058 1027 2113 in
1056 2056 1225 2113 Ionia
1249 2058 1383 2113 duae
1412 2059 1700 2133 imagines
1743 2052 1918 2129 hujus
1956 2055 2066 2113 viri
2107 2061 2260 2117 saxis
2287 2064 2384 2118 in·

166 2136 441 2212 sculptae,
473 2136 657 2193 altera
694 2136 755 2193 iu
790 2136 892 2191 via
926 2152 1047 2208 qua
1070 2134 1308 2227 Epheso
1335 2136 1645 2192 Phocaeam
1673 2136 1812 2203 itur,
1839 2136 2022 2193 altera
2047 2154 2166 2211 qua
2191 2139 2382 2197 Sardi-

166 2212 277 2270 bus
308 2215 649 2291 Smyrnam.
728 2214 1059 2287 Utrobique
1086 2216 1177 2269 vir
1201 2210 1541 2288 exsculptus
1561 2222 1671 2279 est,
1691 2215 2104 2289 magnitudine
2129 2226 2386 2290 quatuor

164 2293 509 2350 cubitorum
530 2312 669 2349 cum
688 2310 809 2349 una
828 2292 1147 2367 spithama,
1174 2292 1381 2348 dextra
1416 2308 1604 2348 manu
1639 2293 1870 2348 hastam
1895 2300 2122 2359 tenens,
2149 2296 2384 2355 sinistra

166 2373 442 2447 sagittas,
472 2379 537 2428 et
560 2372 787 2444 reliquo
825 2371 991 2427 cultu
1028 2371 1247 2426 simili·
1231 2396 1248 2441 3
1294 2371 1475 2428 babet
1514 2370 1672 2426 enim
1713 2371 1926 2445 partim
1953 2372 2379 2447 AEgyptiacum

166 2450 420 2517 cultum,
453 2452 666 2526 partim
685 2450 1093 2524 AEthiopicum
1122 2464 1139 2503 ε
1170 2448 1247 2504 ab
1262 2450 1447 2506 altero
1466 2466 1606 2504 vero
1627 2450 1872 2505 humero
1899 2449 1970 2505 ad
2002 2452 2253 2507 alterum
2275 2470 2382 2527 per

161 2536 372 2603 pectus
402 2531 653 2621 pertinet
692 2530 984 2601 insculpta
1022 2527 1323 2601 inscriptio
1374 2529 1435 2586 in
1466 2528 1618 2583 hanc
1643 2529 2040 2585 sententiam.
2026 2550 2040 2563 ·
2086 2530 2210 2602 Ego
2235 2531 2378 2589 hanc

164 2611 441 2684 regionem
466 2612 599 2663 meis
624 2607 859 2663 humeris
882 2606 1018 2662 mihi
1056 2608 1341 2678 adquisivi.
1421 2606 1572 2667 Quis
1616 2624 1776 2676 vero,
1823 2615 1926 2663 aut
1969 2607 2130 2663 unde
2171 2610 2264 2676 sit,
2293 2610 2379 2667 ibi

167 2702 291 2742 non
334 2686 633 2743 declarat=
676 2686 817 2741 alibi
866 2702 1005 2742 vero
1036 2684 1377 2741 declaravit.
1473 2684 1682 2759 ltaque
1735 2686 1878 2747 istas
1929 2687 2228 2755 nonnulli,
2275 2691 2379 2761 qui

164 2765 470 2832 viderunt,
514 2765 853 2823 Memnonis
892 2760 1213 2834 conjiciunt
1240 2763 1530 2845 imagines
1556 2774 1701 2835 esse,
1747 2766 1932 2887 longe
1969 2782 2010 2819 a
2031 2782 2170 2835 vero
2209 2766 2376 2827 abet

162 2851 383 2903 rantes.

246 2928 383 2998 {07-
426 2923 612 2997 Hunc
636 2926 991 3001 AEgyptium
1020 2922 1327 2991 Sesostrin,
1350 2924 1622 2981 dicebant
1647 2880 1994 2989 sacerdotes,
2013 2924 2375 2997 redeuntem,

165 2988 511 3077 multosque
552 3002 821 3061 homines
866 3020 939 3059 ex
986 3002 1271 3078 gentibus
1308 3003 1562 3059 subactis
1607 3018 1805 3058 secum
1845 3002 2180 3068 ducentem,
2207 3021 2375 3061 eum-

166 3080 325 3149 dem,
368 3089 688 3175 postquam
729 3084 792 3139 in
833 3082 1023 3138 reditu
1065 3082 1135 3137 ad
1179 3080 1478 3155 Daphnin
1502 3078 1866 3138 Pelusiacam
1917 3082 2296 3153 pervenisset,
2339 3100 2378 3141 a

162 3159 365 3235 fratre,
394 3168 563 3230 anus
590 3161 736 3217 fidei
782 3160 1117 3252 AEgyptum
1161 3160 1551 3235 commiserat,
1587 3174 1708 3215 una
1755 3176 1894 3214 cum
1937 3158 2074 3215 filiis
2116 3159 2376 3233 hospitio

164 3254 291 3295 esse
316 3228 683 3333 exqeptumz
721 3246 783 3296 at
821 3240 991 3295 illum
1015 3239 1169 3294 circa
1194 3230 1460 3305 domum,
1483 3238 1556 3293 in
1597 3254 1715 3311 qua
1752 3254 1854 3292 rex
1891 3244 2035 3303 erat,
2063 3240 2372 3299 materiam

162 3318 429 3391 congeri,
454 3318 939 3393 congestamque
982 3313 1227 3388 jussisse
1278 3314 1536 3375 incendi.
1641 3316 1780 3377 Qua
1828 3330 1892 3371 re
1939 3316 2370 3387 animadversa,

162 3396 515 3471 deliberasse
556 3414 755 3488 regem
799 3414 938 3471 cum
986 3412 1187 3464 uxore,
1226 3395 1445 3471 quippe
1493 3395 1657 3450 illam
1701 3394 1978 3449 comitem
2023 3412 2223 3451 secum
2267 3396 2372 3453 ha-

161 3472 381 3540 buisse,
460 3470 640 3531 Hanc
683 3476 737 3531 ei
785 3474 1055 3541 suasisse,
1098 3490 1281 3547 quum
1325 3490 1430 3529 sex
1472 3482 1668 3529 essent
1703 3472 1841 3537 filii,
1883 3472 2116 3529 duobus
2157 3492 2232 3529 ex
2277 3476 2371 3533 bis

162 3568 337 3627 super
362 3569 571 3627 pyram
594 3554 855 3609 extensis
880 3560 1123 3627 pontem
1162 3554 1247 3607 sic
1286 3552 1347 3607 in
1388 3551 1630 3611 ardente
1657 3548 1904 3607 materia
1915 3552 2162 3619 faceret,
2189 3562 2370 3625 quem

160 3632 272 3705 ipsi
312 3639 659 3704 superantes
698 3631 1041 3708 effligerent.
1122 3630 1193 3687 ld
1232 3630 1442 3686 fecisse
1473 3630 1791 3694 Sesostrin,
1817 3638 1880 3685 et
1917 3630 2066 3686 duos
2105 3631 2258 3687 filios
2285 3634 2370 3690 ita

158 3711 303 3787 igne
328 3708 515 3767 filisse
530 3709 865 3778 absumtos,
890 3711 1149 3785 reliquos
1175 3726 1317 3765 vero
1340 3726 1465 3764 una
1482 3724 1624 3771 mun
1649 3714 1814 3779 patre
1839 3708 2006 3783 fuga
2011 3717 2288 3766 servatos.

238 3792 374 3849 108.
418 3788 776 3863 Postquam·
760 3806 821 3845 m
846 3790 1179 3865 AEgyptnm
1199 3786 1453 3859 advenit,
1479 3794 1796 3864 poenasque
1819 3786 1896 3841 de
1921 3788 2102 3842 fratre
2125 3788 2364 3857 sumsit,

158 3874 288 3927 tum
314 3884 459 3925 vero
480 3868 867 3925 multitudine
891 3868 1224 3931 hominum,
1268 3882 1415 3939 quos
1455 3883 1488 3921 e
1529 3865 1698 3921 terris
1739 3865 1996 3921 subactis
2019 3863 2364 3935 adduxerat,

156 3944 218 4003 in
247 3948 406 4004 bunc
433 3946 681 4005 modum
708 3964 851 4003 usus
878 3954 984 4002 est.
1062 3943 1319 4019 Lapides
1357 3960 1484 4009 eos,
1513 3943 1616 4018 qui
1640 3944 1753 3999 hoc
1777 3949 2066 4017 regnante
2111 3942 2182 3998 ad
2211 3943 2364 4001 Vul-

158 4021 319 4081 cani
333 4024 633 4099 templum
681 4026 946 4099 congesti
998 4030 1160 4089 sunt,
1210 4023 1457 4078 immani
1496 4022 1924 4115 magnitudine,
1967 4020 2032 4075 hi
2077 4029 2222 4079 sunt
2263 4024 2367 4097 qui

154 4112 499 4161 traxerunt.
550 4102 851 4181 iidemque
888 4102 1121 4159 canales
1160 4108 1423 4168 cunctos,
1452 4101 1556 4175 qui
1593 4116 1752 4157 nunc
1790 4100 1855 4155 in
1896 4098 2163 4175 AEgypto
2203 4111 2360 4171 sunt,

150 4184 337 4253 eoacti
376 4182 701 4256 foderunt3
758 4189 941 4258 atque
972 4182 1065 4239 ita
1099 4179 1548 4317 inviti2wdem
1583 4178 1882 4249 fecerunt,
1925 4187 2003 4235 ut
2045 4144 2360 4263 AEgyptusJ

1202 4276 1239 4315 o
