<?xml version="1.0" encoding="UTF-8"?>
<!DOCTYPE html PUBLIC "-//W3C//DTD XHTML 1.0 Transitional//EN"
    "http://www.w3.org/TR/xhtml1/DTD/xhtml1-transitional.dtd">
<html xmlns="http://www.w3.org/1999/xhtml" xml:lang="en" lang="en">
 <head>
  <title>
</title>
<meta http-equiv="Content-Type" content="text/html;charset=utf-8" />
  <meta name='ocr-system' content='tesseract 3.04.00' />
  <meta name='ocr-capabilities' content='ocr_page ocr_carea ocr_par ocr_line ocrx_word'/>
</head>
<body>
  <div class='ocr_page' id='page_1' title='image "./herodotihistori00schagoog_0138.png"; bbox 0 0 2925 4992; ppageno 0'>
   <div class='ocr_carea' id='block_1_1' title="bbox 533 284 2183 359">
    <p class='ocr_par' dir='ltr' id='par_1_1' title="bbox 533 284 2183 359">
     <span class='ocr_line' id='line_1_1' title="bbox 533 284 2183 359; baseline -0.001 -2"><span class='ocrx_word' id='word_1_1' title='bbox 533 292 647 359; x_wconf 65' lang='lat' dir='ltr'>iss</span> <span class='ocrx_word' id='word_1_2' title='bbox 1082 288 1582 355; x_wconf 82' lang='lat' dir='ltr'>HERODOTI</span> <span class='ocrx_word' id='word_1_3' title='bbox 1649 284 2009 355; x_wconf 83' lang='lat' dir='ltr'>HISTOR.</span> <span class='ocrx_word' id='word_1_4' title='bbox 2068 295 2183 355; x_wconf 92' lang='lat'>111.</span> 
     </span>
    </p>
   </div>
   <div class='ocr_carea' id='block_1_2' title="bbox 494 441 2769 4225">
    <p class='ocr_par' dir='ltr' id='par_1_2' title="bbox 530 441 2759 905">
     <span class='ocr_line' id='line_1_2' title="bbox 530 441 2758 549; baseline -0.001 -36"><span class='ocrx_word' id='word_1_5' title='bbox 530 452 723 521; x_wconf 74' lang='lat' dir='ltr'>urbio,</span> <span class='ocrx_word' id='word_1_6' title='bbox 748 453 945 515; x_wconf 75' lang='lat' dir='ltr'>coctis</span> <span class='ocrx_word' id='word_1_7' title='bbox 978 454 1253 511; x_wconf 82' lang='lat' dir='ltr'>carnibus</span> <span class='ocrx_word' id='word_1_8' title='bbox 1284 444 1729 548; x_wconf 78' lang='lat' dir='ltr'>quadrupedum</span> <span class='ocrx_word' id='word_1_9' title='bbox 1769 455 1970 511; x_wconf 84' lang='lat' dir='ltr'>omnis</span> <span class='ocrx_word' id='word_1_10' title='bbox 2009 454 2239 530; x_wconf 80' lang='lat' dir='ltr'>generis</span> <span class='ocrx_word' id='word_1_11' title='bbox 2266 441 2599 549; x_wconf 71' lang='lat' dir='ltr'>repletum·</span> <span class='ocrx_word' id='word_1_12' title='bbox 2645 460 2758 511; x_wconf 79' lang='lat' dir='ltr'>eas</span> 
     </span>
     <span class='ocr_line' id='line_1_3' title="bbox 532 530 2756 609; baseline -0 -18"><span class='ocrx_word' id='word_1_13' title='bbox 532 549 757 599; x_wconf 81' lang='lat' dir='ltr'>earnes,</span> <span class='ocrx_word' id='word_1_14' title='bbox 784 532 974 600; x_wconf 88' lang='lat' dir='ltr'>aiunt,</span> <span class='ocrx_word' id='word_1_15' title='bbox 1001 544 1179 589; x_wconf 81' lang='lat' dir='ltr'>noctu</span> <span class='ocrx_word' id='word_1_16' title='bbox 1204 549 1279 588; x_wconf 88' lang='lat' dir='ltr'>ex</span> <span class='ocrx_word' id='word_1_17' title='bbox 1303 534 1576 589; x_wconf 85' lang='lat' dir='ltr'>instituto</span> <span class='ocrx_word' id='word_1_18' title='bbox 1601 530 1684 589; x_wconf 88' lang='lat' dir='ltr'>ibi</span> <span class='ocrx_word' id='word_1_19' title='bbox 1711 534 1925 607; x_wconf 80' lang='lat' dir='ltr'>deponi</span> <span class='ocrx_word' id='word_1_20' title='bbox 1975 536 2050 589; x_wconf 85' lang='lat' dir='ltr'>ab</span> <span class='ocrx_word' id='word_1_21' title='bbox 2097 534 2370 590; x_wconf 85' lang='lat' dir='ltr'>omnibus</span> <span class='ocrx_word' id='word_1_22' title='bbox 2395 534 2494 608; x_wconf 83' lang='lat' dir='ltr'>qui</span> <span class='ocrx_word' id='word_1_23' title='bbox 2517 536 2583 590; x_wconf 86' lang='lat' dir='ltr'>in</span> <span class='ocrx_word' id='word_1_24' title='bbox 2611 534 2756 609; x_wconf 72' lang='lat' dir='ltr'>dig-</span> 
     </span>
     <span class='ocr_line' id='line_1_4' title="bbox 534 611 2754 702; baseline -0.001 -33"><span class='ocrx_word' id='word_1_25' title='bbox 534 614 727 673; x_wconf 83' lang='lat' dir='ltr'>nitate</span> <span class='ocrx_word' id='word_1_26' title='bbox 753 618 949 669; x_wconf 81' lang='lat' dir='ltr'>essent</span> <span class='ocrx_word' id='word_1_27' title='bbox 976 612 1223 676; x_wconf 81' lang='lat' dir='ltr'>civibus,</span> <span class='ocrx_word' id='word_1_28' title='bbox 1250 611 1504 668; x_wconf 79' lang='lat' dir='ltr'><strong>interdiu</strong></span> <span class='ocrx_word' id='word_1_29' title='bbox 1529 620 1730 669; x_wconf 84' lang='lat' dir='ltr'>autem</span> <span class='ocrx_word' id='word_1_30' title='bbox 1771 611 2045 669; x_wconf 80' lang='lat' dir='ltr'>accedere</span> <span class='ocrx_word' id='word_1_31' title='bbox 2068 626 2358 702; x_wconf 81' lang='lat' dir='ltr'>quemque</span> <span class='ocrx_word' id='word_1_32' title='bbox 2397 612 2496 686; x_wconf 88' lang='lat' dir='ltr'>qui</span> <span class='ocrx_word' id='word_1_33' title='bbox 2537 613 2754 677; x_wconf 78' lang='lat' dir='ltr'>vellet,</span> 
     </span>
     <span class='ocr_line' id='line_1_5' title="bbox 535 686 2759 766; baseline -0 -18"><span class='ocrx_word' id='word_1_34' title='bbox 535 693 739 764; x_wconf 86' lang='lat' dir='ltr'>cisque</span> <span class='ocrx_word' id='word_1_35' title='bbox 782 691 979 759; x_wconf 86' lang='lat' dir='ltr'>vesci3</span> <span class='ocrx_word' id='word_1_36' title='bbox 1021 686 1209 746; x_wconf 84' lang='lat' dir='ltr'>dicere</span> <span class='ocrx_word' id='word_1_37' title='bbox 1256 698 1457 746; x_wconf 88' lang='lat' dir='ltr'>autem</span> <span class='ocrx_word' id='word_1_38' title='bbox 1500 691 1830 765; x_wconf 74' lang='lat' dir='ltr'>indigenas,</span> <span class='ocrx_word' id='word_1_39' title='bbox 1860 691 2044 763; x_wconf 80' lang='lat' dir='ltr'>ipsam</span> <span class='ocrx_word' id='word_1_40' title='bbox 2076 700 2290 747; x_wconf 84' lang='lat' dir='ltr'>terram</span> <span class='ocrx_word' id='word_1_41' title='bbox 2337 687 2469 747; x_wconf 80' lang='lat' dir='ltr'>illas</span> <span class='ocrx_word' id='word_1_42' title='bbox 2507 705 2759 766; x_wconf 82' lang='lat' dir='ltr'>quaque</span> 
     </span>
     <span class='ocr_line' id='line_1_6' title="bbox 536 768 2756 845; baseline -0 -19"><span class='ocrx_word' id='word_1_43' title='bbox 536 778 713 827; x_wconf 82' lang='lat' dir='ltr'>nocte</span> <span class='ocrx_word' id='word_1_44' title='bbox 739 769 1109 844; x_wconf 79' lang='lat' dir='ltr'>progignere.</span> <span class='ocrx_word' id='word_1_45' title='bbox 1186 768 1347 824; x_wconf 83' lang='lat' dir='ltr'>‘lalis</span> <span class='ocrx_word' id='word_1_46' title='bbox 1390 769 1573 843; x_wconf 84' lang='lat' dir='ltr'>igitur</span> <span class='ocrx_word' id='word_1_47' title='bbox 1599 786 1724 827; x_wconf 87' lang='lat' dir='ltr'>esse</span> <span class='ocrx_word' id='word_1_48' title='bbox 1759 770 1944 825; x_wconf 86' lang='lat' dir='ltr'>fertur</span> <span class='ocrx_word' id='word_1_49' title='bbox 1971 769 2072 824; x_wconf 84' lang='lat' dir='ltr'>illa</span> <span class='ocrx_word' id='word_1_50' title='bbox 2099 768 2253 825; x_wconf 85' lang='lat' dir='ltr'>Solis</span> <span class='ocrx_word' id='word_1_51' title='bbox 2283 773 2444 845; x_wconf 84' lang='lat' dir='ltr'>(quae</span> <span class='ocrx_word' id='word_1_52' title='bbox 2467 770 2756 842; x_wconf 83' lang='lat' dir='ltr'>vocatur)</span> 
     </span>
     <span class='ocr_line' id='line_1_7' title="bbox 538 858 761 905; baseline -0.013 0"><span class='ocrx_word' id='word_1_53' title='bbox 538 858 761 905; x_wconf 84' lang='lat' dir='ltr'>mensa.</span> 
     </span>
    </p>

    <p class='ocr_par' dir='ltr' id='par_1_3' title="bbox 510 924 2764 1865">
     <span class='ocr_line' id='line_1_8' title="bbox 622 924 2760 1000; baseline 0.001 -18"><span class='ocrx_word' id='word_1_54' title='bbox 622 929 712 982; x_wconf 85' lang='lat'>19.</span> <span class='ocrx_word' id='word_1_55' title='bbox 756 924 841 983; x_wconf 89' lang='lat' dir='ltr'>Ut</span> <span class='ocrx_word' id='word_1_56' title='bbox 864 943 1001 982; x_wconf 84' lang='lat' dir='ltr'>vero</span> <span class='ocrx_word' id='word_1_57' title='bbox 1029 926 1419 999; x_wconf 74' lang='lat' dir='ltr'>speculatores</span> <span class='ocrx_word' id='word_1_58' title='bbox 1455 928 1690 983; x_wconf 86' lang='lat' dir='ltr'>mittere</span> <span class='ocrx_word' id='word_1_59' title='bbox 1718 926 2038 1000; x_wconf 77' lang='lat' dir='ltr'>Cambyses</span> <span class='ocrx_word' id='word_1_60' title='bbox 2077 926 2652 992; x_wconf 81' lang='lat' dir='ltr'>constituit,·statim</span> <span class='ocrx_word' id='word_1_61' title='bbox 2682 944 2760 984; x_wconf 77' lang='lat' dir='ltr'>ex</span> 
     </span>
     <span class='ocr_line' id='line_1_9' title="bbox 534 1002 2754 1097; baseline 0 -36"><span class='ocrx_word' id='word_1_62' title='bbox 534 1002 939 1097; x_wconf 65' lang='lat' dir='ltr'>Elephantine</span> <span class='ocrx_word' id='word_1_63' title='bbox 961 1004 1107 1061; x_wconf 90' lang='lat' dir='ltr'>urbe</span> <span class='ocrx_word' id='word_1_64' title='bbox 1132 1004 1400 1060; x_wconf 84' lang='lat' dir='ltr'>homines</span> <span class='ocrx_word' id='word_1_65' title='bbox 1426 1005 1728 1061; x_wconf 52' lang='lat' dir='ltr'>arcessivit</span> <span class='ocrx_word' id='word_1_66' title='bbox 1761 1004 1836 1059; x_wconf 76' lang='lat' dir='ltr'>&lt;le</span> <span class='ocrx_word' id='word_1_67' title='bbox 1873 1004 2458 1079; x_wconf 75' lang='lat' dir='ltr'>Ichthyophagomm</span> <span class='ocrx_word' id='word_1_68' title='bbox 2486 1019 2712 1080; x_wconf 81' lang='lat' dir='ltr'>genere</span> <span class='ocrx_word' id='word_1_69' title='bbox 2734 1026 2754 1076; x_wconf 81' lang='grc'><strong><em>5</em></strong></span> 
     </span>
     <span class='ocr_line' id='line_1_10' title="bbox 538 1082 2760 1157; baseline 0 -18"><span class='ocrx_word' id='word_1_70' title='bbox 538 1084 640 1157; x_wconf 88' lang='lat' dir='ltr'>qui</span> <span class='ocrx_word' id='word_1_71' title='bbox 667 1082 1035 1156; x_wconf 86' lang='lat' dir='ltr'>AEthiopiam</span> <span class='ocrx_word' id='word_1_72' title='bbox 1060 1084 1325 1157; x_wconf 80' lang='lat' dir='ltr'>linguam</span> <span class='ocrx_word' id='word_1_73' title='bbox 1364 1084 1660 1139; x_wconf 79' lang='lat' dir='ltr'>callerent.</span> <span class='ocrx_word' id='word_1_74' title='bbox 1741 1082 1988 1138; x_wconf 82' lang='lat' dir='ltr'>Interim</span> <span class='ocrx_word' id='word_1_75' title='bbox 2015 1100 2176 1149; x_wconf 81' lang='lat' dir='ltr'>vero,</span> <span class='ocrx_word' id='word_1_76' title='bbox 2207 1084 2350 1138; x_wconf 84' lang='lat' dir='ltr'>dum</span> <span class='ocrx_word' id='word_1_77' title='bbox 2393 1084 2455 1137; x_wconf 91' lang='lat' dir='ltr'>hi</span> <span class='ocrx_word' id='word_1_78' title='bbox 2495 1082 2760 1139; x_wconf 81' lang='lat' dir='ltr'>adveni·</span> 
     </span>
     <span class='ocr_line' id='line_1_11' title="bbox 537 1157 2761 1237; baseline -0 -18"><span class='ocrx_word' id='word_1_79' title='bbox 537 1166 691 1227; x_wconf 83' lang='lat' dir='ltr'>rent,</span> <span class='ocrx_word' id='word_1_80' title='bbox 736 1163 1002 1219; x_wconf 86' lang='lat' dir='ltr'>navalem</span> <span class='ocrx_word' id='word_1_81' title='bbox 1054 1162 1377 1219; x_wconf 81' lang='lat' dir='ltr'>exercitum</span> <span class='ocrx_word' id='word_1_82' title='bbox 1432 1161 1708 1217; x_wconf 82' lang='lat' dir='ltr'>adversus</span> <span class='ocrx_word' id='word_1_83' title='bbox 1760 1162 2182 1235; x_wconf 82' lang='lat' dir='ltr'>Carthaginem</span> <span class='ocrx_word' id='word_1_84' title='bbox 2221 1157 2403 1230; x_wconf 82' lang='lat' dir='ltr'>jussit</span> <span class='ocrx_word' id='word_1_85' title='bbox 2451 1164 2761 1237; x_wconf 80' lang='lat' dir='ltr'>navigare.</span> 
     </span>
     <span class='ocr_line' id='line_1_12' title="bbox 510 1236 2760 1326; baseline 0 -29"><span class='ocrx_word' id='word_1_86' title='bbox 510 1240 618 1297; x_wconf 32' lang='lat' dir='ltr'>*At</span> <span class='ocrx_word' id='word_1_87' title='bbox 644 1240 974 1306; x_wconf 84' lang='lat' dir='ltr'>Phoenices,</span> <span class='ocrx_word' id='word_1_88' title='bbox 988 1240 1063 1295; x_wconf 87' lang='lat' dir='ltr'>id</span> <span class='ocrx_word' id='word_1_89' title='bbox 1103 1257 1165 1297; x_wconf 87' lang='lat' dir='ltr'>sc</span> <span class='ocrx_word' id='word_1_90' title='bbox 1206 1240 1498 1306; x_wconf 84' lang='lat' dir='ltr'>facturos,</span> <span class='ocrx_word' id='word_1_91' title='bbox 1527 1248 1856 1326; x_wconf 78' lang='lat' dir='ltr'>negarunt.</span> <span class='ocrx_word' id='word_1_92' title='bbox 1899 1240 2130 1313; x_wconf 82' lang='lat' dir='ltr'>magnis</span> <span class='ocrx_word' id='word_1_93' title='bbox 2159 1242 2375 1314; x_wconf 89' lang='lat' dir='ltr'>quippe</span> <span class='ocrx_word' id='word_1_94' title='bbox 2394 1236 2760 1309; x_wconf 83' lang='lat' dir='ltr'>juramentis</span> 
     </span>
     <span class='ocr_line' id='line_1_13' title="bbox 539 1313 2760 1385; baseline -0 -10"><span class='ocrx_word' id='word_1_95' title='bbox 539 1333 669 1375; x_wconf 85' lang='lat' dir='ltr'>sese</span> <span class='ocrx_word' id='word_1_96' title='bbox 696 1320 901 1385; x_wconf 85' lang='lat' dir='ltr'>teneri,</span> <span class='ocrx_word' id='word_1_97' title='bbox 931 1327 991 1374; x_wconf 90' lang='lat' dir='ltr'>et</span> <span class='ocrx_word' id='word_1_98' title='bbox 1019 1318 1183 1375; x_wconf 78' lang='lat' dir='ltr'>nefas</span> <span class='ocrx_word' id='word_1_99' title='bbox 1212 1336 1337 1377; x_wconf 88' lang='lat' dir='ltr'>esse</span> <span class='ocrx_word' id='word_1_100' title='bbox 1380 1320 1661 1383; x_wconf 65' lang='lat' dir='ltr'>faemina,</span> <span class='ocrx_word' id='word_1_101' title='bbox 1707 1313 1754 1373; x_wconf 86' lang='lat' dir='ltr'>si</span> <span class='ocrx_word' id='word_1_102' title='bbox 1795 1326 2002 1373; x_wconf 82' lang='lat' dir='ltr'>eontra</span> <span class='ocrx_word' id='word_1_103' title='bbox 2041 1334 2212 1373; x_wconf 86' lang='lat' dir='ltr'>suam</span> <span class='ocrx_word' id='word_1_104' title='bbox 2237 1320 2516 1374; x_wconf 81' lang='lat' dir='ltr'>sobolem</span> <span class='ocrx_word' id='word_1_105' title='bbox 2531 1320 2760 1375; x_wconf 76' lang='lat' dir='ltr'>milita-</span> 
     </span>
     <span class='ocr_line' id='line_1_14' title="bbox 544 1396 2756 1470; baseline 0 -17"><span class='ocrx_word' id='word_1_106' title='bbox 544 1404 696 1457; x_wconf 87' lang='lat' dir='ltr'>rent.</span> <span class='ocrx_word' id='word_1_107' title='bbox 778 1397 1128 1454; x_wconf 89' lang='lat' dir='ltr'>Nolentibus</span> <span class='ocrx_word' id='word_1_108' title='bbox 1150 1404 1349 1454; x_wconf 85' lang='lat' dir='ltr'>autem</span> <span class='ocrx_word' id='word_1_109' title='bbox 1378 1396 1782 1462; x_wconf 86' lang='lat' dir='ltr'>Phoenicibus,</span> <span class='ocrx_word' id='word_1_110' title='bbox 1813 1397 2017 1470; x_wconf 85' lang='lat' dir='ltr'>reliqui</span> <span class='ocrx_word' id='word_1_111' title='bbox 2047 1414 2224 1469; x_wconf 82' lang='lat' dir='ltr'>pares</span> <span class='ocrx_word' id='word_1_112' title='bbox 2255 1414 2374 1453; x_wconf 90' lang='lat' dir='ltr'>non</span> <span class='ocrx_word' id='word_1_113' title='bbox 2411 1408 2582 1469; x_wconf 79' lang='lat' dir='ltr'>crant</span> <span class='ocrx_word' id='word_1_114' title='bbox 2609 1399 2756 1453; x_wconf 84' lang='lat' dir='ltr'>viri</span> 
     </span>
     <span class='ocr_line' id='line_1_15' title="bbox 540 1474 2760 1550; baseline 0.001 -19"><span class='ocrx_word' id='word_1_115' title='bbox 540 1476 651 1531; x_wconf 86' lang='lat' dir='ltr'>bus</span> <span class='ocrx_word' id='word_1_116' title='bbox 681 1500 694 1532; x_wconf 72' lang='grc' dir='ltr'>ι</span> <span class='ocrx_word' id='word_1_117' title='bbox 742 1482 916 1550; x_wconf 90' lang='lat' dir='ltr'>atque</span> <span class='ocrx_word' id='word_1_118' title='bbox 942 1476 1023 1532; x_wconf 86' lang='lat' dir='ltr'>ita</span> <span class='ocrx_word' id='word_1_119' title='bbox 1051 1475 1566 1550; x_wconf 78' lang='lat' dir='ltr'>Carthaginienses</span> <span class='ocrx_word' id='word_1_120' title='bbox 1591 1476 1954 1541; x_wconf 86' lang='lat' dir='ltr'>servitutem,</span> <span class='ocrx_word' id='word_1_121' title='bbox 1983 1492 2118 1548; x_wconf 79' lang='lat' dir='ltr'>quae</span> <span class='ocrx_word' id='word_1_122' title='bbox 2159 1474 2274 1531; x_wconf 84' lang='lat' dir='ltr'>illis</span> <span class='ocrx_word' id='word_1_123' title='bbox 2317 1494 2352 1530; x_wconf 88' lang='lat' dir='ltr'>a</span> <span class='ocrx_word' id='word_1_124' title='bbox 2400 1476 2592 1531; x_wconf 84' lang='lat' dir='ltr'>Persis</span> <span class='ocrx_word' id='word_1_125' title='bbox 2642 1478 2760 1533; x_wconf 86' lang='lat' dir='ltr'>im·</span> 
     </span>
     <span class='ocr_line' id='line_1_16' title="bbox 540 1552 2760 1630; baseline 0 -19"><span class='ocrx_word' id='word_1_126' title='bbox 540 1554 828 1622; x_wconf 85' lang='lat' dir='ltr'>mincbat,</span> <span class='ocrx_word' id='word_1_127' title='bbox 854 1554 1202 1630; x_wconf 86' lang='lat' dir='ltr'>effugerunt.</span> <span class='ocrx_word' id='word_1_128' title='bbox 1282 1553 1526 1611; x_wconf 82' lang='lat' dir='ltr'>Etenim</span> <span class='ocrx_word' id='word_1_129' title='bbox 1555 1556 1674 1609; x_wconf 85' lang='lat' dir='ltr'>vim</span> <span class='ocrx_word' id='word_1_130' title='bbox 1701 1552 1926 1611; x_wconf 82' lang='lat' dir='ltr'>adferre</span> <span class='ocrx_word' id='word_1_131' title='bbox 1953 1555 2330 1612; x_wconf 79' lang='lat' dir='ltr'>Phoenicibus</span> <span class='ocrx_word' id='word_1_132' title='bbox 2359 1569 2614 1628; x_wconf 81' lang='lat' dir='ltr'>aequum-</span> <span class='ocrx_word' id='word_1_133' title='bbox 2633 1566 2760 1611; x_wconf 86' lang='lat' dir='ltr'>non</span> 
     </span>
     <span class='ocr_line' id='line_1_17' title="bbox 544 1630 2760 1725; baseline 0 -36"><span class='ocrx_word' id='word_1_134' title='bbox 544 1633 776 1690; x_wconf 83' lang='lat' dir='ltr'>censuit</span> <span class='ocrx_word' id='word_1_135' title='bbox 810 1632 1149 1725; x_wconf 82' lang='lat' dir='ltr'>Cambyses,</span> <span class='ocrx_word' id='word_1_136' title='bbox 1178 1640 1247 1688; x_wconf 89' lang='lat' dir='ltr'>ut</span> <span class='ocrx_word' id='word_1_137' title='bbox 1284 1635 1385 1725; x_wconf 82' lang='lat' dir='ltr'>qui</span> <span class='ocrx_word' id='word_1_138' title='bbox 1427 1644 1492 1689; x_wconf 79' lang='lat' dir='ltr'>se</span> <span class='ocrx_word' id='word_1_139' title='bbox 1531 1633 1690 1689; x_wconf 83' lang='lat' dir='ltr'>ultro</span> <span class='ocrx_word' id='word_1_140' title='bbox 1737 1632 1925 1689; x_wconf 86' lang='lat' dir='ltr'>Persis</span> <span class='ocrx_word' id='word_1_141' title='bbox 1969 1630 2368 1699; x_wconf 80' lang='lat' dir='ltr'>tradidissent,</span> <span class='ocrx_word' id='word_1_142' title='bbox 2393 1640 2454 1689; x_wconf 87' lang='lat' dir='ltr'>et</span> <span class='ocrx_word' id='word_1_143' title='bbox 2477 1650 2512 1688; x_wconf 88' lang='lat' dir='ltr'>e</span> <span class='ocrx_word' id='word_1_144' title='bbox 2539 1634 2760 1706; x_wconf 78' lang='lat' dir='ltr'>quibus</span> 
     </span>
     <span class='ocr_line' id='line_1_18' title="bbox 541 1709 2764 1787; baseline 0 -19"><span class='ocrx_word' id='word_1_145' title='bbox 541 1712 864 1787; x_wconf 84' lang='lat' dir='ltr'>penderent</span> <span class='ocrx_word' id='word_1_146' title='bbox 888 1714 1179 1769; x_wconf 64' lang='lat' dir='ltr'>universae</span> <span class='ocrx_word' id='word_1_147' title='bbox 1204 1709 1389 1785; x_wconf 81' lang='lat' dir='ltr'>ipsius</span> <span class='ocrx_word' id='word_1_148' title='bbox 1416 1712 1602 1785; x_wconf 69' lang='lat' dir='ltr'>copiae</span> <span class='ocrx_word' id='word_1_149' title='bbox 1627 1712 1879 1768; x_wconf 79' lang='lat' dir='ltr'>navales,</span> <span class='ocrx_word' id='word_1_150' title='bbox 1961 1712 2176 1767; x_wconf 85' lang='lat' dir='ltr'>Praeter</span> <span class='ocrx_word' id='word_1_151' title='bbox 2204 1710 2519 1777; x_wconf 75' lang='lat' dir='ltr'>Phoenices,</span> <span class='ocrx_word' id='word_1_152' title='bbox 2551 1713 2764 1787; x_wconf 84' lang='lat' dir='ltr'>Cyprii</span> 
     </span>
     <span class='ocr_line' id='line_1_19' title="bbox 544 1789 2761 1875; baseline 0 -28"><span class='ocrx_word' id='word_1_153' title='bbox 544 1800 779 1865; x_wconf 82' lang='lat' dir='ltr'>quoque</span> <span class='ocrx_word' id='word_1_154' title='bbox 805 1791 995 1847; x_wconf 88' lang='lat' dir='ltr'>Persis</span> <span class='ocrx_word' id='word_1_155' title='bbox 1034 1808 1162 1847; x_wconf 88' lang='lat' dir='ltr'>sese</span> <span class='ocrx_word' id='word_1_156' title='bbox 1198 1789 1577 1856; x_wconf 82' lang='lat' dir='ltr'>tradiderant,</span> <span class='ocrx_word' id='word_1_157' title='bbox 1605 1796 1668 1846; x_wconf 87' lang='lat' dir='ltr'>et</span> <span class='ocrx_word' id='word_1_158' title='bbox 1667 1791 2120 1875; x_wconf 79' lang='lat' dir='ltr'>expeditionis’</span> <span class='ocrx_word' id='word_1_159' title='bbox 2103 1807 2162 1845; x_wconf 87' lang='lat' dir='ltr'>m</span> <span class='ocrx_word' id='word_1_160' title='bbox 2190 1790 2525 1865; x_wconf 82' lang='lat' dir='ltr'>AEgyptum</span> <span class='ocrx_word' id='word_1_161' title='bbox 2553 1807 2761 1848; x_wconf 81' lang='lat' dir='ltr'>susce·</span> 
     </span>
    </p>

    <p class='ocr_par' dir='ltr' id='par_1_4' title="bbox 590 1865 1049 1925">
     <span class='ocr_line' id='line_1_20' title="bbox 590 1865 1049 1925; baseline 0 0"><span class='ocrx_word' id='word_1_162' title='bbox 590 1877 665 1925; x_wconf 80' lang='lat' dir='ltr'>tae</span> <span class='ocrx_word' id='word_1_163' title='bbox 693 1876 863 1925; x_wconf 88' lang='lat' dir='ltr'>erant</span> <span class='ocrx_word' id='word_1_164' title='bbox 892 1865 1049 1925; x_wconf 87' lang='lat' dir='ltr'>socii.</span> 
     </span>
    </p>

    <p class='ocr_par' dir='ltr' id='par_1_5' title="bbox 544 1880 2764 2652">
     <span class='ocr_line' id='line_1_21' title="bbox 544 1880 2762 2035; baseline -0 -31"><span class='ocrx_word' id='word_1_165' title='bbox 544 1880 587 1945; x_wconf 66' lang='lat' dir='ltr'><strong>p</strong></span> <span class='ocrx_word' id='word_1_166' title='bbox 624 1952 727 2004; x_wconf 89' lang='grc'>20.</span> <span class='ocrx_word' id='word_1_167' title='bbox 769 1946 1089 2021; x_wconf 85' lang='lat' dir='ltr'>Postquam</span> <span class='ocrx_word' id='word_1_168' title='bbox 1112 1946 1184 2003; x_wconf 87' lang='lat' dir='ltr'>ad</span> <span class='ocrx_word' id='word_1_169' title='bbox 1214 1948 1544 2021; x_wconf 80' lang='lat' dir='ltr'>Cambysen</span> <span class='ocrx_word' id='word_1_170' title='bbox 1571 1965 1646 2003; x_wconf 79' lang='lat' dir='ltr'>ex</span> <span class='ocrx_word' id='word_1_171' title='bbox 1667 1948 2064 2035; x_wconf 85' lang='lat' dir='ltr'>Elephantine</span> <span class='ocrx_word' id='word_1_172' title='bbox 2087 1948 2448 2005; x_wconf 76' lang='lat' dir='ltr'>advenerunt</span> <span class='ocrx_word' id='word_1_173' title='bbox 2475 1947 2762 2022; x_wconf 83' lang='lat' dir='ltr'>Ichthyn-</span> 
     </span>
     <span class='ocr_line' id='line_1_22' title="bbox 544 2016 2761 2102; baseline 0.001 -21"><span class='ocrx_word' id='word_1_174' title='bbox 544 2026 755 2102; x_wconf 78' lang='lat' dir='ltr'>phagi,</span> <span class='ocrx_word' id='word_1_175' title='bbox 782 2026 946 2083; x_wconf 84' lang='lat' dir='ltr'>misit</span> <span class='ocrx_word' id='word_1_176' title='bbox 972 2042 1073 2083; x_wconf 89' lang='lat' dir='ltr'>eos</span> <span class='ocrx_word' id='word_1_177' title='bbox 1100 2026 1172 2081; x_wconf 88' lang='lat' dir='ltr'>ad</span> <span class='ocrx_word' id='word_1_178' title='bbox 1200 2026 1532 2099; x_wconf 82' lang='lat' dir='ltr'>AEthiopes,</span> <span class='ocrx_word' id='word_1_179' title='bbox 1557 2026 1794 2083; x_wconf 87' lang='lat' dir='ltr'>edoctos</span> <span class='ocrx_word' id='word_1_180' title='bbox 1819 2027 1961 2101; x_wconf 88' lang='lat' dir='ltr'>quid</span> <span class='ocrx_word' id='word_1_181' title='bbox 1987 2016 2267 2093; x_wconf 72' lang='lat' dir='ltr'>dicerent,</span> <span class='ocrx_word' id='word_1_182' title='bbox 2295 2036 2354 2083; x_wconf 89' lang='lat' dir='ltr'>et</span> <span class='ocrx_word' id='word_1_183' title='bbox 2381 2028 2536 2083; x_wconf 85' lang='lat' dir='ltr'>dona</span> <span class='ocrx_word' id='word_1_184' title='bbox 2559 2026 2761 2083; x_wconf 79' lang='lat' dir='ltr'>feren·</span> 
     </span>
     <span class='ocr_line' id='line_1_23' title="bbox 544 2104 2762 2198; baseline -0.001 -35"><span class='ocrx_word' id='word_1_185' title='bbox 544 2112 658 2171; x_wconf 81' lang='lat' dir='ltr'>teS,</span> <span class='ocrx_word' id='word_1_186' title='bbox 688 2120 1047 2198; x_wconf 78' lang='lat' dir='ltr'>purpureum</span> <span class='ocrx_word' id='word_1_187' title='bbox 1084 2104 1423 2169; x_wconf 84' lang='lat' dir='ltr'>amiculum,</span> <span class='ocrx_word' id='word_1_188' title='bbox 1452 2114 1514 2161; x_wconf 90' lang='lat' dir='ltr'>et</span> <span class='ocrx_word' id='word_1_189' title='bbox 1539 2120 1782 2161; x_wconf 86' lang='lat' dir='ltr'>aureum</span> <span class='ocrx_word' id='word_1_190' title='bbox 1817 2113 2087 2179; x_wconf 86' lang='lat' dir='ltr'>torquem</span> <span class='ocrx_word' id='word_1_191' title='bbox 2127 2107 2528 2180; x_wconf 84' lang='lat' dir='ltr'>armillasque,</span> <span class='ocrx_word' id='word_1_192' title='bbox 2557 2114 2618 2161; x_wconf 91' lang='lat' dir='ltr'>et</span> <span class='ocrx_word' id='word_1_193' title='bbox 2643 2121 2762 2162; x_wconf 81' lang='lat' dir='ltr'>un·-</span> 
     </span>
     <span class='ocr_line' id='line_1_24' title="bbox 548 2182 2762 2259; baseline 0 -20"><span class='ocrx_word' id='word_1_194' title='bbox 548 2184 755 2259; x_wconf 83' lang='lat' dir='ltr'>guenti</span> <span class='ocrx_word' id='word_1_195' title='bbox 782 2183 1163 2248; x_wconf 82' lang='lat' dir='ltr'>alabastrum,</span> <span class='ocrx_word' id='word_1_196' title='bbox 1192 2191 1253 2239; x_wconf 86' lang='lat' dir='ltr'>et</span> <span class='ocrx_word' id='word_1_197' title='bbox 1276 2184 1494 2257; x_wconf 85' lang='lat' dir='ltr'>palmei</span> <span class='ocrx_word' id='word_1_198' title='bbox 1521 2184 1642 2239; x_wconf 88' lang='lat' dir='ltr'>vini</span> <span class='ocrx_word' id='word_1_199' title='bbox 1669 2184 1898 2240; x_wconf 87' lang='lat' dir='ltr'>cadum.</span> <span class='ocrx_word' id='word_1_200' title='bbox 1981 2185 2274 2240; x_wconf 86' lang='lat' dir='ltr'>Dicuntur</span> <span class='ocrx_word' id='word_1_201' title='bbox 2297 2192 2493 2241; x_wconf 88' lang='lat' dir='ltr'>autem</span> <span class='ocrx_word' id='word_1_202' title='bbox 2515 2182 2762 2241; x_wconf 78' lang='lat' dir='ltr'>AEthio·</span> 
     </span>
     <span class='ocr_line' id='line_1_25' title="bbox 547 2262 2764 2357; baseline 0.001 -40"><span class='ocrx_word' id='word_1_203' title='bbox 547 2278 652 2337; x_wconf 86' lang='lat' dir='ltr'>pes</span> <span class='ocrx_word' id='word_1_204' title='bbox 673 2262 757 2328; x_wconf 88' lang='lat' dir='ltr'>hi,</span> <span class='ocrx_word' id='word_1_205' title='bbox 777 2262 848 2319; x_wconf 87' lang='lat' dir='ltr'>ad</span> <span class='ocrx_word' id='word_1_206' title='bbox 868 2276 1013 2337; x_wconf 88' lang='lat' dir='ltr'>quos</span> <span class='ocrx_word' id='word_1_207' title='bbox 1029 2263 1191 2319; x_wconf 86' lang='lat' dir='ltr'>misit</span> <span class='ocrx_word' id='word_1_208' title='bbox 1218 2262 1556 2335; x_wconf 81' lang='lat' dir='ltr'>Cambyses,</span> <span class='ocrx_word' id='word_1_209' title='bbox 1585 2271 1646 2319; x_wconf 84' lang='lat' dir='ltr'>et</span> <span class='ocrx_word' id='word_1_210' title='bbox 1671 2268 1895 2319; x_wconf 77' lang='lat' dir='ltr'>statura</span> <span class='ocrx_word' id='word_1_211' title='bbox 1919 2264 2165 2319; x_wconf 76' lang='lat' dir='ltr'>maximi</span> <span class='ocrx_word' id='word_1_212' title='bbox 2185 2271 2244 2318; x_wconf 89' lang='lat' dir='ltr'>et</span> <span class='ocrx_word' id='word_1_213' title='bbox 2269 2263 2608 2357; x_wconf 78' lang='lat' dir='ltr'>pulcerrimi</span> <span class='ocrx_word' id='word_1_214' title='bbox 2635 2273 2764 2319; x_wconf 81' lang='lat' dir='ltr'>csse</span> 
     </span>
     <span class='ocr_line' id='line_1_26' title="bbox 546 2341 2762 2414; baseline 0.001 -17"><span class='ocrx_word' id='word_1_215' title='bbox 546 2341 863 2399; x_wconf 84' lang='lat' dir='ltr'>hominum</span> <span class='ocrx_word' id='word_1_216' title='bbox 890 2342 1195 2411; x_wconf 81' lang='lat' dir='ltr'>omnium3</span> <span class='ocrx_word' id='word_1_217' title='bbox 1230 2346 1287 2396; x_wconf 88' lang='lat' dir='ltr'>et</span> <span class='ocrx_word' id='word_1_218' title='bbox 1322 2358 1502 2414; x_wconf 89' lang='lat' dir='ltr'>quum</span> <span class='ocrx_word' id='word_1_219' title='bbox 1529 2341 1657 2397; x_wconf 88' lang='lat' dir='ltr'>aliis</span> <span class='ocrx_word' id='word_1_220' title='bbox 1685 2342 1972 2398; x_wconf 83' lang='lat' dir='ltr'>institutis</span> <span class='ocrx_word' id='word_1_221' title='bbox 2011 2342 2094 2397; x_wconf 88' lang='lat' dir='ltr'>uti</span> <span class='ocrx_word' id='word_1_222' title='bbox 2129 2342 2224 2397; x_wconf 78' lang='lat' dir='ltr'>div</span> <span class='ocrx_word' id='word_1_223' title='bbox 2227 2344 2370 2398; x_wconf 82' lang='lat' dir='ltr'>ersis</span> <span class='ocrx_word' id='word_1_224' title='bbox 2398 2342 2474 2397; x_wconf 84' lang='lat' dir='ltr'>ab</span> <span class='ocrx_word' id='word_1_225' title='bbox 2503 2342 2762 2399; x_wconf 83' lang='lat' dir='ltr'>aliorum</span> 
     </span>
     <span class='ocr_line' id='line_1_27' title="bbox 550 2420 2758 2507; baseline 0 -31"><span class='ocrx_word' id='word_1_226' title='bbox 550 2420 859 2476; x_wconf 84' lang='lat' dir='ltr'>hominum</span> <span class='ocrx_word' id='word_1_227' title='bbox 908 2421 1213 2491; x_wconf 87' lang='lat' dir='ltr'>institutis,</span> <span class='ocrx_word' id='word_1_228' title='bbox 1263 2427 1395 2475; x_wconf 85' lang='lat' dir='ltr'>tum</span> <span class='ocrx_word' id='word_1_229' title='bbox 1443 2420 1556 2475; x_wconf 89' lang='lat' dir='ltr'>hoc</span> <span class='ocrx_word' id='word_1_230' title='bbox 1605 2422 1677 2476; x_wconf 83' lang='lat' dir='ltr'>ad</span> <span class='ocrx_word' id='word_1_231' title='bbox 1730 2422 1954 2507; x_wconf 85' lang='lat' dir='ltr'>regiam</span> <span class='ocrx_word' id='word_1_232' title='bbox 1996 2421 2350 2501; x_wconf 80' lang='lat' dir='ltr'>dignitatem</span> <span class='ocrx_word' id='word_1_233' title='bbox 2406 2428 2758 2493; x_wconf 81' lang='lat' dir='ltr'>spectante.</span> 
     </span>
     <span class='ocr_line' id='line_1_28' title="bbox 549 2495 2762 2573; baseline 0 -18"><span class='ocrx_word' id='word_1_234' title='bbox 549 2508 980 2573; x_wconf 86' lang='lat' dir='ltr'>quemcumque</span> <span class='ocrx_word' id='word_1_235' title='bbox 1006 2499 1223 2554; x_wconf 86' lang='lat' dir='ltr'>civium</span> <span class='ocrx_word' id='word_1_236' title='bbox 1254 2507 1477 2555; x_wconf 86' lang='lat' dir='ltr'>statura</span> <span class='ocrx_word' id='word_1_237' title='bbox 1501 2495 1828 2555; x_wconf 76' lang='lat' dir='ltr'>maximum</span> <span class='ocrx_word' id='word_1_238' title='bbox 1861 2495 2136 2568; x_wconf 83' lang='lat' dir='ltr'>judicant</span> <span class='ocrx_word' id='word_1_239' title='bbox 2161 2508 2222 2555; x_wconf 90' lang='lat' dir='ltr'>et</span> <span class='ocrx_word' id='word_1_240' title='bbox 2245 2502 2506 2573; x_wconf 82' lang='lat' dir='ltr'>corporis</span> <span class='ocrx_word' id='word_1_241' title='bbox 2531 2500 2762 2555; x_wconf 74' lang='lat' dir='ltr'>viribus</span> 
     </span>
     <span class='ocr_line' id='line_1_29' title="bbox 550 2577 2452 2652; baseline 0 -19"><span class='ocrx_word' id='word_1_242' title='bbox 550 2592 659 2652; x_wconf 82' lang='lat' dir='ltr'>pro</span> <span class='ocrx_word' id='word_1_243' title='bbox 687 2579 917 2633; x_wconf 87' lang='lat' dir='ltr'>ratione</span> <span class='ocrx_word' id='word_1_244' title='bbox 941 2584 1337 2650; x_wconf 61' lang='lat' dir='ltr'>praestantem,</span> <span class='ocrx_word' id='word_1_245' title='bbox 1368 2577 1528 2632; x_wconf 89' lang='lat' dir='ltr'>hunc</span> <span class='ocrx_word' id='word_1_246' title='bbox 1555 2592 1752 2651; x_wconf 80' lang='lat' dir='ltr'>regem</span> <span class='ocrx_word' id='word_1_247' title='bbox 1782 2592 1908 2633; x_wconf 87' lang='lat' dir='ltr'>esse</span> <span class='ocrx_word' id='word_1_248' title='bbox 1935 2590 2171 2651; x_wconf 83' lang='lat' dir='ltr'>aequum</span> <span class='ocrx_word' id='word_1_249' title='bbox 2197 2586 2452 2634; x_wconf 85' lang='lat' dir='ltr'>censent.</span> 
     </span>
    </p>

    <p class='ocr_par' dir='ltr' id='par_1_6' title="bbox 552 2655 2764 2967">
     <span class='ocr_line' id='line_1_30' title="bbox 630 2655 2762 2732; baseline 0 -21"><span class='ocrx_word' id='word_1_250' title='bbox 630 2658 728 2711; x_wconf 83' lang='grc'>21.</span> <span class='ocrx_word' id='word_1_251' title='bbox 766 2655 856 2711; x_wconf 86' lang='lat' dir='ltr'>Ad</span> <span class='ocrx_word' id='word_1_252' title='bbox 899 2655 1007 2711; x_wconf 87' lang='lat' dir='ltr'>hos</span> <span class='ocrx_word' id='word_1_253' title='bbox 1050 2655 1235 2730; x_wconf 85' lang='lat' dir='ltr'>igitur</span> <span class='ocrx_word' id='word_1_254' title='bbox 1272 2656 1542 2711; x_wconf 89' lang='lat' dir='ltr'>homines</span> <span class='ocrx_word' id='word_1_255' title='bbox 1587 2657 1691 2711; x_wconf 88' lang='lat' dir='ltr'>ubi</span> <span class='ocrx_word' id='word_1_256' title='bbox 1735 2656 2100 2713; x_wconf 69' lang='lat' dir='ltr'>adcenerunt</span> <span class='ocrx_word' id='word_1_257' title='bbox 2143 2656 2605 2732; x_wconf 73' lang='lat' dir='ltr'>Ichthyophagi,</span> <span class='ocrx_word' id='word_1_258' title='bbox 2635 2656 2762 2713; x_wconf 80' lang='lat' dir='ltr'>baec</span> 
     </span>
     <span class='ocr_line' id='line_1_31' title="bbox 552 2734 2764 2809; baseline 0 -20"><span class='ocrx_word' id='word_1_259' title='bbox 552 2734 735 2789; x_wconf 69' lang='lat' dir='ltr'>xerba</span> <span class='ocrx_word' id='word_1_260' title='bbox 778 2734 1074 2789; x_wconf 86' lang='lat' dir='ltr'>fecerunt·</span> <span class='ocrx_word' id='word_1_261' title='bbox 1142 2734 1342 2789; x_wconf 85' lang='lat' dir='ltr'>‘Rex</span> <span class='ocrx_word' id='word_1_262' title='bbox 1393 2734 1706 2791; x_wconf 83' lang='lat' dir='ltr'>Persarum</span> <span class='ocrx_word' id='word_1_263' title='bbox 1757 2735 2098 2807; x_wconf 82' lang='lat' dir='ltr'>Cambyses,</span> <span class='ocrx_word' id='word_1_264' title='bbox 2147 2738 2386 2809; x_wconf 86' lang='lat' dir='ltr'>cupiens</span> <span class='ocrx_word' id='word_1_265' title='bbox 2436 2735 2764 2791; x_wconf 80' lang='lat' dir='ltr'>amicitiam</span> 
     </span>
     <span class='ocr_line' id='line_1_32' title="bbox 554 2808 2760 2905; baseline 0 -37"><span class='ocrx_word' id='word_1_266' title='bbox 554 2817 599 2847; x_wconf 90' lang='lat'><strong>“</strong></span> <span class='ocrx_word' id='word_1_267' title='bbox 627 2818 823 2868; x_wconf 88' lang='lat' dir='ltr'>tecum</span> <span class='ocrx_word' id='word_1_268' title='bbox 852 2808 1325 2905; x_wconf 81' lang='lat' dir='ltr'>hospitiumque&#39;</span> <span class='ocrx_word' id='word_1_269' title='bbox 1302 2827 1571 2887; x_wconf 83' lang='lat' dir='ltr'>Jungere‚</span> <span class='ocrx_word' id='word_1_270' title='bbox 1599 2814 1760 2869; x_wconf 87' lang='lat' dir='ltr'>misit</span> <span class='ocrx_word' id='word_1_271' title='bbox 1787 2830 1914 2878; x_wconf 89' lang='lat' dir='ltr'>nos,</span> <span class='ocrx_word' id='word_1_272' title='bbox 1934 2808 2151 2882; x_wconf 81' lang='lat' dir='ltr'>iubens</span> <span class='ocrx_word' id='word_1_273' title='bbox 2195 2824 2262 2871; x_wconf 88' lang='lat' dir='ltr'>ut</span> <span class='ocrx_word' id='word_1_274' title='bbox 2297 2816 2359 2869; x_wconf 90' lang='lat' dir='ltr'>in</span> <span class='ocrx_word' id='word_1_275' title='bbox 2399 2814 2760 2886; x_wconf 83' lang='lat' dir='ltr'>colloquium</span> 
     </span>
     <span class='ocr_line' id='line_1_33' title="bbox 554 2892 2764 2967; baseline -0 -20"><span class='ocrx_word' id='word_1_276' title='bbox 554 2896 795 2947; x_wconf 86' lang='lat' dir='ltr'>“tuum</span> <span class='ocrx_word' id='word_1_277' title='bbox 850 2893 1223 2963; x_wconf 76' lang='lat' dir='ltr'>veniremu53</span> <span class='ocrx_word' id='word_1_278' title='bbox 1271 2901 1331 2948; x_wconf 90' lang='lat' dir='ltr'>ct</span> <span class='ocrx_word' id='word_1_279' title='bbox 1370 2892 1530 2947; x_wconf 86' lang='lat' dir='ltr'>dona</span> <span class='ocrx_word' id='word_1_280' title='bbox 1579 2892 1684 2949; x_wconf 89' lang='lat' dir='ltr'>tibi</span> <span class='ocrx_word' id='word_1_281' title='bbox 1736 2893 1836 2946; x_wconf 80' lang='lat' dir='ltr'>dat</span> <span class='ocrx_word' id='word_1_282' title='bbox 1889 2892 2031 2957; x_wconf 81' lang='lat' dir='ltr'>hoee,</span> <span class='ocrx_word' id='word_1_283' title='bbox 2075 2909 2332 2966; x_wconf 87' lang='lat' dir='ltr'>quorum</span> <span class='ocrx_word' id='word_1_284' title='bbox 2381 2910 2496 2949; x_wconf 85' lang='lat' dir='ltr'>usu</span> <span class='ocrx_word' id='word_1_285' title='bbox 2539 2899 2602 2947; x_wconf 89' lang='lat' dir='ltr'>et</span> <span class='ocrx_word' id='word_1_286' title='bbox 2643 2894 2764 2967; x_wconf 83' lang='lat' dir='ltr'>ipse</span> 
     </span>
    </p>

    <p class='ocr_par' dir='ltr' id='par_1_7' title="bbox 526 2968 2766 3273">
     <span class='ocr_line' id='line_1_34' title="bbox 583 2968 2762 3046; baseline 0 -20.024"><span class='ocrx_word' id='word_1_287' title='bbox 583 2970 890 3027; x_wconf 84' lang='lat' dir='ltr'>‘maxime</span> <span class='ocrx_word' id='word_1_288' title='bbox 940 2969 1315 3026; x_wconf 85' lang='lat' dir='ltr'>delectatur.’&#39;</span> <span class='ocrx_word' id='word_1_289' title='bbox 1396 2971 1627 3031; x_wconf 82' lang='lat' dir='ltr'>Quibus</span> <span class='ocrx_word' id='word_1_290' title='bbox 1679 2968 1974 3043; x_wconf 84' lang='lat' dir='ltr'>AEthiops‚</span> <span class='ocrx_word' id='word_1_291' title='bbox 2027 2972 2364 3046; x_wconf 82' lang='lat' dir='ltr'>intelligens</span> <span class='ocrx_word' id='word_1_292' title='bbox 2418 2968 2619 3027; x_wconf 71' lang='lat' dir='ltr'>venine</span> <span class='ocrx_word' id='word_1_293' title='bbox 2667 2980 2762 3027; x_wconf 80' lang='lat' dir='ltr'>eos</span> 
     </span>
     <span class='ocr_line' id='line_1_35' title="bbox 554 3048 2764 3125; baseline 0.001 -22"><span class='ocrx_word' id='word_1_294' title='bbox 554 3054 623 3103; x_wconf 82' lang='lat' dir='ltr'>&#39;ut</span> <span class='ocrx_word' id='word_1_295' title='bbox 663 3049 1075 3123; x_wconf 85' lang='lat' dir='ltr'>speculatores,</span> <span class='ocrx_word' id='word_1_296' title='bbox 1116 3049 1177 3103; x_wconf 90' lang='lat' dir='ltr'>in</span> <span class='ocrx_word' id='word_1_297' title='bbox 1228 3050 1389 3105; x_wconf 83' lang='lat' dir='ltr'>hune</span> <span class='ocrx_word' id='word_1_298' title='bbox 1438 3050 1683 3105; x_wconf 85' lang='lat' dir='ltr'>modum</span> <span class='ocrx_word' id='word_1_299' title='bbox 1733 3048 2071 3121; x_wconf 78' lang='lat' dir='ltr'>respondit:</span> <span class='ocrx_word' id='word_1_300' title='bbox 2125 3058 2168 3083; x_wconf 86' lang='lat'><strong>“</strong></span> <span class='ocrx_word' id='word_1_301' title='bbox 2197 3051 2406 3125; x_wconf 84' lang='lat' dir='ltr'>Neque</span> <span class='ocrx_word' id='word_1_302' title='bbox 2451 3050 2764 3106; x_wconf 67' lang='lat' dir='ltr'>Persarum</span> 
     </span>
     <span class='ocr_line' id='line_1_36' title="bbox 557 3128 2762 3201; baseline -0 -16"><span class='ocrx_word' id='word_1_303' title='bbox 557 3133 603 3159; x_wconf 85' lang='lat'><strong><em>“</em></strong></span> <span class='ocrx_word' id='word_1_304' title='bbox 632 3146 735 3185; x_wconf 85' lang='lat' dir='ltr'>rex</span> <span class='ocrx_word' id='word_1_305' title='bbox 774 3144 847 3183; x_wconf 89' lang='lat' dir='ltr'>co</span> <span class='ocrx_word' id='word_1_306' title='bbox 887 3146 993 3183; x_wconf 83' lang='lat' dir='ltr'>vos</span> <span class='ocrx_word' id='word_1_307' title='bbox 1041 3128 1201 3183; x_wconf 84' lang='lat' dir='ltr'>misit</span> <span class='ocrx_word' id='word_1_308' title='bbox 1230 3128 1383 3192; x_wconf 82' lang='lat' dir='ltr'>dona</span> <span class='ocrx_word' id='word_1_309' title='bbox 1424 3128 1699 3191; x_wconf 78' lang='lat' dir='ltr'>ferenteS,</span> <span class='ocrx_word' id='word_1_310' title='bbox 1727 3129 1882 3201; x_wconf 87' lang='lat' dir='ltr'>quod</span> <span class='ocrx_word' id='word_1_311' title='bbox 1913 3128 2175 3185; x_wconf 85' lang='lat' dir='ltr'>multum</span> <span class='ocrx_word' id='word_1_312' title='bbox 2203 3129 2256 3185; x_wconf 87' lang='lat' dir='ltr'>ei</span> <span class='ocrx_word' id='word_1_313' title='bbox 2283 3129 2514 3185; x_wconf 86' lang='lat' dir='ltr'>intersit</span> <span class='ocrx_word' id='word_1_314' title='bbox 2541 3134 2613 3184; x_wconf 86' lang='lat' dir='ltr'>ut</span> <span class='ocrx_word' id='word_1_315' title='bbox 2635 3144 2762 3184; x_wconf 86' lang='lat' dir='ltr'>me·</span> 
     </span>
     <span class='ocr_line' id='line_1_37' title="bbox 526 3201 2766 3279; baseline -0.001 -16"><span class='ocrx_word' id='word_1_316' title='bbox 526 3216 529 3219; x_wconf 81' lang='grc'><strong><em>’</em></strong></span> <span class='ocrx_word' id='word_1_317' title='bbox 582 3212 764 3263; x_wconf 89' lang='lat' dir='ltr'>‘cum</span> <span class='ocrx_word' id='word_1_318' title='bbox 810 3205 1130 3261; x_wconf 85' lang='lat' dir='ltr'>amicitiam</span> <span class='ocrx_word' id='word_1_319' title='bbox 1162 3201 1418 3279; x_wconf 81' lang='lat' dir='ltr'>jungat3</span> <span class='ocrx_word' id='word_1_320' title='bbox 1474 3222 1580 3261; x_wconf 88' lang='lat' dir='ltr'>nec</span> <span class='ocrx_word' id='word_1_321' title='bbox 1625 3224 1730 3261; x_wconf 86' lang='lat' dir='ltr'>vos</span> <span class='ocrx_word' id='word_1_322' title='bbox 1771 3223 1908 3261; x_wconf 84' lang='lat' dir='ltr'>vera</span> <span class='ocrx_word' id='word_1_323' title='bbox 1951 3206 2168 3273; x_wconf 79' lang='lat' dir='ltr'>dicitis,</span> <span class='ocrx_word' id='word_1_324' title='bbox 2217 3209 2458 3263; x_wconf 71' lang='grc' dir='ltr'>ιειιίειίε</span> <span class='ocrx_word' id='word_1_325' title='bbox 2507 3208 2676 3263; x_wconf 84' lang='lat' dir='ltr'>enim</span> <span class='ocrx_word' id='word_1_326' title='bbox 2705 3210 2766 3262; x_wconf 87' lang='lat' dir='ltr'>ut</span> 
     </span>
    </p>

    <p class='ocr_par' dir='ltr' id='par_1_8' title="bbox 556 3210 2764 3394">
     <span class='ocr_line' id='line_1_38' title="bbox 556 3210 2764 3394; baseline 0 -54.035"><span class='ocrx_word' id='word_1_327' title='bbox 556 3210 807 3394; x_wconf 37' lang='lat' dir='ltr'>{mx-egui</span> <span class='ocrx_word' id='word_1_328' title='bbox 846 3284 963 3339; x_wconf 84' lang='lat' dir='ltr'>mei</span> <span class='ocrx_word' id='word_1_329' title='bbox 1000 3284 1411 3357; x_wconf 82' lang='lat' dir='ltr'>speculatores.</span> <span class='ocrx_word' id='word_1_330' title='bbox 1491 3285 1617 3339; x_wconf 91' lang='lat' dir='ltr'>Nec</span> <span class='ocrx_word' id='word_1_331' title='bbox 1645 3285 1744 3340; x_wconf 86' lang='lat' dir='ltr'>ille</span> <span class='ocrx_word' id='word_1_332' title='bbox 1768 3286 1858 3341; x_wconf 81' lang='lat' dir='ltr'>vir</span> <span class='ocrx_word' id='word_1_333' title='bbox 1888 3280 2086 3355; x_wconf 86' lang='lat' dir='ltr'>justus</span> <span class='ocrx_word' id='word_1_334' title='bbox 2127 3295 2442 3341; x_wconf 83' lang='lat' dir='ltr'>est.na1n</span> <span class='ocrx_word' id='word_1_335' title='bbox 2483 3286 2533 3341; x_wconf 88' lang='lat' dir='ltr'>si</span> <span class='ocrx_word' id='word_1_336' title='bbox 2571 3284 2764 3354; x_wconf 79' lang='lat' dir='ltr'>justus</span> 
     </span>
    </p>

    <p class='ocr_par' dir='ltr' id='par_1_9' title="bbox 559 3362 2766 3515">
     <span class='ocr_line' id='line_1_39' title="bbox 584 3362 2766 3435; baseline 0 -16"><span class='ocrx_word' id='word_1_337' title='bbox 584 3369 806 3428; x_wconf 89' lang='lat' dir='ltr'>‘essct,</span> <span class='ocrx_word' id='word_1_338' title='bbox 835 3380 955 3418; x_wconf 86' lang='lat' dir='ltr'>non</span> <span class='ocrx_word' id='word_1_339' title='bbox 980 3363 1412 3435; x_wconf 78' lang='lat' dir='ltr'>concupivisset</span> <span class='ocrx_word' id='word_1_340' title='bbox 1446 3362 1621 3417; x_wconf 85' lang='lat' dir='ltr'>aliam</span> <span class='ocrx_word' id='word_1_341' title='bbox 1652 3370 1866 3419; x_wconf 80' lang='lat' dir='ltr'>terram</span> <span class='ocrx_word' id='word_1_342' title='bbox 1905 3369 2115 3435; x_wconf 83' lang='lat' dir='ltr'>praeter</span> <span class='ocrx_word' id='word_1_343' title='bbox 2141 3379 2330 3429; x_wconf 85' lang='lat' dir='ltr'>suam,</span> <span class='ocrx_word' id='word_1_344' title='bbox 2359 3382 2470 3419; x_wconf 86' lang='lat' dir='ltr'>nec</span> <span class='ocrx_word' id='word_1_345' title='bbox 2499 3366 2561 3419; x_wconf 84' lang='lat' dir='ltr'>in</span> <span class='ocrx_word' id='word_1_346' title='bbox 2589 3365 2766 3421; x_wconf 85' lang='lat' dir='ltr'>servi</span> 
     </span>
     <span class='ocr_line' id='line_1_40' title="bbox 559 3440 2766 3515; baseline 0 -18"><span class='ocrx_word' id='word_1_347' title='bbox 559 3446 822 3497; x_wconf 87' lang='lat' dir='ltr'>“tutem</span> <span class='ocrx_word' id='word_1_348' title='bbox 860 3440 1179 3514; x_wconf 83' lang='lat' dir='ltr'>redegisset</span> <span class='ocrx_word' id='word_1_349' title='bbox 1228 3441 1519 3505; x_wconf 86' lang='lat' dir='ltr'>homines,</span> <span class='ocrx_word' id='word_1_350' title='bbox 1569 3442 1668 3515; x_wconf 89' lang='lat' dir='ltr'>qui</span> <span class='ocrx_word' id='word_1_351' title='bbox 1714 3442 1876 3497; x_wconf 82' lang='lat' dir='ltr'>nulla</span> <span class='ocrx_word' id='word_1_352' title='bbox 1928 3442 2096 3498; x_wconf 87' lang='lat' dir='ltr'>illum</span> <span class='ocrx_word' id='word_1_353' title='bbox 2145 3440 2360 3513; x_wconf 79' lang='lat' dir='ltr'>injuria</span> <span class='ocrx_word' id='word_1_354' title='bbox 2406 3442 2766 3499; x_wconf 79' lang='lat' dir='ltr'>adfecerant.</span> 
     </span>
    </p>

    <p class='ocr_par' dir='ltr' id='par_1_10' title="bbox 557 3519 2766 3585">
     <span class='ocr_line' id='line_1_41' title="bbox 557 3519 2766 3585; baseline 0 -9.035"><span class='ocrx_word' id='word_1_355' title='bbox 557 3521 807 3576; x_wconf 85' lang='lat' dir='ltr'>“Nunc</span> <span class='ocrx_word' id='word_1_356' title='bbox 858 3519 945 3575; x_wconf 84' lang='lat' dir='ltr'>illi</span> <span class='ocrx_word' id='word_1_357' title='bbox 972 3534 1174 3574; x_wconf 88' lang='lat' dir='ltr'>arcum</span> <span class='ocrx_word' id='word_1_358' title='bbox 1220 3520 1377 3575; x_wconf 85' lang='lat' dir='ltr'>hunc</span> <span class='ocrx_word' id='word_1_359' title='bbox 1402 3520 1630 3585; x_wconf 86' lang='lat' dir='ltr'>tradite,</span> <span class='ocrx_word' id='word_1_360' title='bbox 1661 3520 1786 3575; x_wconf 86' lang='lat' dir='ltr'>haec</span> <span class='ocrx_word' id='word_1_361' title='bbox 1825 3520 2004 3575; x_wconf 85' lang='lat' dir='ltr'>verba</span> <span class='ocrx_word' id='word_1_362' title='bbox 2029 3521 2321 3579; x_wconf 88' lang='lat' dir='ltr'>dicentes.</span> <span class='ocrx_word' id='word_1_363' title='bbox 2369 3520 2500 3577; x_wconf 83' lang='lat' dir='ltr'>Rex</span> <span class='ocrx_word' id='word_1_364' title='bbox 2527 3522 2766 3579; x_wconf 81' lang='lat' dir='ltr'>AEthio·</span> 
     </span>
    </p>

    <p class='ocr_par' dir='ltr' id='par_1_11' title="bbox 558 3597 2769 3685">
     <span class='ocr_line' id='line_1_42' title="bbox 558 3597 2769 3685; baseline 0 -31.033"><span class='ocrx_word' id='word_1_365' title='bbox 558 3605 773 3685; x_wconf 90' lang='lat' dir='ltr'>“pum</span> <span class='ocrx_word' id='word_1_366' title='bbox 815 3597 1019 3653; x_wconf 82' lang='lat' dir='ltr'>suadet</span> <span class='ocrx_word' id='word_1_367' title='bbox 1060 3598 1183 3672; x_wconf 85' lang='lat' dir='ltr'>regi</span> <span class='ocrx_word' id='word_1_368' title='bbox 1228 3598 1561 3664; x_wconf 78' lang='lat' dir='ltr'>Persarum,</span> <span class='ocrx_word' id='word_1_369' title='bbox 1589 3606 1658 3654; x_wconf 83' lang='lat' dir='ltr'>ut</span> <span class='ocrx_word' id='word_1_370' title='bbox 1700 3598 1936 3672; x_wconf 83' lang='lat' dir='ltr'>quando</span> <span class='ocrx_word' id='word_1_371' title='bbox 1981 3598 2063 3654; x_wconf 88' lang='lat' dir='ltr'>ita</span> <span class='ocrx_word' id='word_1_372' title='bbox 2107 3600 2282 3656; x_wconf 80' lang='lat' dir='ltr'>facile</span> <span class='ocrx_word' id='word_1_373' title='bbox 2323 3618 2490 3655; x_wconf 87' lang='lat' dir='ltr'>arcus</span> <span class='ocrx_word' id='word_1_374' title='bbox 2531 3600 2769 3657; x_wconf 81' lang='lat' dir='ltr'>tendere</span> 
     </span>
    </p>

    <p class='ocr_par' dir='ltr' id='par_1_12' title="bbox 561 3672 2767 3753">
     <span class='ocr_line' id='line_1_43' title="bbox 561 3672 2767 3753; baseline -0.001 -17.928"><span class='ocrx_word' id='word_1_375' title='bbox 561 3672 816 3747; x_wconf 81' lang='lat' dir='ltr'>“hujus</span> <span class='ocrx_word' id='word_1_376' title='bbox 843 3677 1019 3731; x_wconf 87' lang='lat' dir='ltr'>molis</span> <span class='ocrx_word' id='word_1_377' title='bbox 1048 3676 1236 3732; x_wconf 82' lang='lat' dir='ltr'>Persae</span> <span class='ocrx_word' id='word_1_378' title='bbox 1262 3678 1583 3749; x_wconf 87' lang='lat' dir='ltr'>potuerint,</span> <span class='ocrx_word' id='word_1_379' title='bbox 1611 3686 1752 3733; x_wconf 90' lang='lat' dir='ltr'>tunc</span> <span class='ocrx_word' id='word_1_380' title='bbox 1793 3678 2068 3733; x_wconf 83' lang='lat' dir='ltr'>adversus</span> <span class='ocrx_word' id='word_1_381' title='bbox 2093 3678 2427 3736; x_wconf 82' lang='lat' dir='ltr'>Macrobios</span> <span class='ocrx_word' id='word_1_382' title='bbox 2455 3676 2767 3753; x_wconf 86' lang='lat' dir='ltr'>AEthiopes</span> 
     </span>
    </p>

    <p class='ocr_par' dir='ltr' id='par_1_13' title="bbox 590 3755 2765 3833">
     <span class='ocr_line' id='line_1_44' title="bbox 590 3755 2765 3833; baseline -0.001 -19.953"><span class='ocrx_word' id='word_1_383' title='bbox 590 3756 825 3829; x_wconf 89' lang='lat' dir='ltr'>‘copiis</span> <span class='ocrx_word' id='word_1_384' title='bbox 854 3755 1237 3811; x_wconf 84' lang='lat' dir='ltr'>multitudine</span> <span class='ocrx_word' id='word_1_385' title='bbox 1280 3768 1387 3811; x_wconf 87' lang='lat' dir='ltr'>nos</span> <span class='ocrx_word' id='word_1_386' title='bbox 1428 3756 1844 3828; x_wconf 84' lang='lat' dir='ltr'>superantibus</span> <span class='ocrx_word' id='word_1_387' title='bbox 1887 3767 2122 3812; x_wconf 81' lang='lat' dir='ltr'>moveat</span> <span class='ocrx_word' id='word_1_388' title='bbox 2165 3758 2424 3813; x_wconf 84' lang='lat' dir='ltr'>bellum.</span> <span class='ocrx_word' id='word_1_389' title='bbox 2468 3773 2660 3833; x_wconf 84' lang='lat' dir='ltr'>usque</span> <span class='ocrx_word' id='word_1_390' title='bbox 2701 3771 2765 3813; x_wconf 89' lang='lat' dir='ltr'>eo</span> 
     </span>
    </p>

    <p class='ocr_par' dir='ltr' id='par_1_14' title="bbox 494 3833 2768 3987">
     <span class='ocr_line' id='line_1_45' title="bbox 563 3833 2768 3908; baseline 0 -17"><span class='ocrx_word' id='word_1_391' title='bbox 563 3843 833 3891; x_wconf 89' lang='lat' dir='ltr'>“autem</span> <span class='ocrx_word' id='word_1_392' title='bbox 860 3833 971 3889; x_wconf 83' lang='lat' dir='ltr'>diis</span> <span class='ocrx_word' id='word_1_393' title='bbox 996 3833 1207 3889; x_wconf 89' lang='lat' dir='ltr'>habeat</span> <span class='ocrx_word' id='word_1_394' title='bbox 1238 3836 1512 3907; x_wconf 74' lang='lat' dir='ltr'>gratiam,</span> <span class='ocrx_word' id='word_1_395' title='bbox 1541 3834 1694 3908; x_wconf 83' lang='lat' dir='ltr'>quod</span> <span class='ocrx_word' id='word_1_396' title='bbox 1725 3834 2077 3905; x_wconf 83' lang='lat' dir='ltr'>AEthiopum</span> <span class='ocrx_word' id='word_1_397' title='bbox 2119 3836 2251 3892; x_wconf 79' lang='lat' dir='ltr'>filiis</span> <span class='ocrx_word' id='word_1_398' title='bbox 2281 3854 2397 3891; x_wconf 87' lang='lat' dir='ltr'>non</span> <span class='ocrx_word' id='word_1_399' title='bbox 2425 3837 2768 3893; x_wconf 73' lang='lat' dir='ltr'>induxerint</span> 
     </span>
     <span class='ocr_line' id='line_1_46' title="bbox 494 3912 2632 3987; baseline 0 -18"><span class='ocrx_word' id='word_1_400' title='bbox 494 3926 503 3933; x_wconf 84' lang='lat'><strong>·</strong></span> <span class='ocrx_word' id='word_1_401' title='bbox 562 3922 605 3949; x_wconf 76' lang='lat'>‘⁶&#39;</span> <span class='ocrx_word' id='word_1_402' title='bbox 632 3916 693 3969; x_wconf 88' lang='lat' dir='ltr'>in</span> <span class='ocrx_word' id='word_1_403' title='bbox 721 3914 1004 3976; x_wconf 88' lang='lat' dir='ltr'>animum,</span> <span class='ocrx_word' id='word_1_404' title='bbox 1032 3920 1103 3967; x_wconf 88' lang='lat' dir='ltr'>ut</span> <span class='ocrx_word' id='word_1_405' title='bbox 1126 3921 1337 3985; x_wconf 84' lang='lat' dir='ltr'>praeter</span> <span class='ocrx_word' id='word_1_406' title='bbox 1359 3928 1526 3968; x_wconf 86' lang='lat' dir='ltr'>suam</span> <span class='ocrx_word' id='word_1_407' title='bbox 1557 3922 1770 3969; x_wconf 80' lang='lat' dir='ltr'>terram</span> <span class='ocrx_word' id='word_1_408' title='bbox 1801 3912 2102 3985; x_wconf 81' lang='lat' dir='ltr'>adquirere</span> <span class='ocrx_word' id='word_1_409' title='bbox 2128 3918 2362 3987; x_wconf 77' lang='lat' dir='ltr'>cupiant</span> <span class='ocrx_word' id='word_1_410' title='bbox 2387 3916 2632 3971; x_wconf 80' lang='lat' dir='ltr'>aliam.”</span> 
     </span>
    </p>

    <p class='ocr_par' dir='ltr' id='par_1_15' title="bbox 562 3989 2766 4225">
     <span class='ocr_line' id='line_1_47' title="bbox 640 3989 2766 4065; baseline -0.001 -17"><span class='ocrx_word' id='word_1_411' title='bbox 640 3996 741 4049; x_wconf 91' lang='grc'>22.</span> <span class='ocrx_word' id='word_1_412' title='bbox 784 3990 901 4047; x_wconf 86' lang='lat' dir='ltr'>His</span> <span class='ocrx_word' id='word_1_413' title='bbox 932 3989 1101 4047; x_wconf 86' lang='lat' dir='ltr'>dictis</span> <span class='ocrx_word' id='word_1_414' title='bbox 1126 3991 1345 4045; x_wconf 83' lang='lat' dir='ltr'>laxavit</span> <span class='ocrx_word' id='word_1_415' title='bbox 1374 4008 1601 4058; x_wconf 84' lang='lat' dir='ltr'>arcum,</span> <span class='ocrx_word' id='word_1_416' title='bbox 1633 4000 1692 4047; x_wconf 86' lang='lat' dir='ltr'>et</span> <span class='ocrx_word' id='word_1_417' title='bbox 1720 3992 1810 4046; x_wconf 84' lang='lat' dir='ltr'>his</span> <span class='ocrx_word' id='word_1_418' title='bbox 1835 3992 1939 4065; x_wconf 86' lang='lat' dir='ltr'>qui</span> <span class='ocrx_word' id='word_1_419' title='bbox 1967 4004 2260 4048; x_wconf 86' lang='lat' dir='ltr'>venerunt</span> <span class='ocrx_word' id='word_1_420' title='bbox 2286 3992 2542 4050; x_wconf 77' lang='lat' dir='ltr'>tradidit.</span> <span class='ocrx_word' id='word_1_421' title='bbox 2601 3994 2766 4050; x_wconf 74' lang='lat' dir='ltr'>Tunc</span> 
     </span>
     <span class='ocr_line' id='line_1_48' title="bbox 562 4069 2765 4145; baseline 0 -17"><span class='ocrx_word' id='word_1_422' title='bbox 562 4078 763 4129; x_wconf 85' lang='lat' dir='ltr'>sumto</span> <span class='ocrx_word' id='word_1_423' title='bbox 790 4086 1081 4143; x_wconf 89' lang='lat' dir='ltr'>purpureo</span> <span class='ocrx_word' id='word_1_424' title='bbox 1122 4069 1375 4124; x_wconf 88' lang='lat' dir='ltr'>amiculo</span> <span class='ocrx_word' id='word_1_425' title='bbox 1417 4071 1706 4143; x_wconf 83' lang='lat' dir='ltr'>quaesivit,</span> <span class='ocrx_word' id='word_1_426' title='bbox 1733 4070 1873 4144; x_wconf 86' lang='lat' dir='ltr'>quid</span> <span class='ocrx_word' id='word_1_427' title='bbox 1902 4079 2074 4136; x_wconf 88' lang='lat' dir='ltr'>esset,</span> <span class='ocrx_word' id='word_1_428' title='bbox 2105 4080 2163 4127; x_wconf 86' lang='lat' dir='ltr'>et</span> <span class='ocrx_word' id='word_1_429' title='bbox 2189 4087 2448 4145; x_wconf 84' lang='lat' dir='ltr'>quonam</span> <span class='ocrx_word' id='word_1_430' title='bbox 2479 4073 2662 4128; x_wconf 84' lang='lat' dir='ltr'>modo</span> <span class='ocrx_word' id='word_1_431' title='bbox 2685 4072 2765 4127; x_wconf 72' lang='lat' dir='ltr'>fa-</span> 
     </span>
     <span class='ocr_line' id='line_1_49' title="bbox 562 4147 2764 4225; baseline -0.001 -17"><span class='ocrx_word' id='word_1_432' title='bbox 562 4158 763 4209; x_wconf 65' lang='lat' dir='ltr'>ctum:</span> <span class='ocrx_word' id='word_1_433' title='bbox 826 4148 1165 4221; x_wconf 70' lang='lat' dir='ltr'>Cuiquam</span> <span class='ocrx_word' id='word_1_434' title='bbox 1192 4147 1622 4225; x_wconf 81' lang='lat' dir='ltr'>Ichthyophagi</span> <span class='ocrx_word' id='word_1_435' title='bbox 1652 4166 1790 4205; x_wconf 84' lang='lat' dir='ltr'>vera</span> <span class='ocrx_word' id='word_1_436' title='bbox 1812 4148 2118 4217; x_wconf 78' lang='lat' dir='ltr'>dixissent,</span> <span class='ocrx_word' id='word_1_437' title='bbox 2161 4150 2232 4206; x_wconf 86' lang='lat' dir='ltr'>dc</span> <span class='ocrx_word' id='word_1_438' title='bbox 2273 4166 2558 4225; x_wconf 84' lang='lat' dir='ltr'>purpura,</span> <span class='ocrx_word' id='word_1_439' title='bbox 2593 4159 2654 4208; x_wconf 90' lang='lat' dir='ltr'>et</span> <span class='ocrx_word' id='word_1_440' title='bbox 2699 4151 2764 4208; x_wconf 88' lang='lat' dir='ltr'>de</span> 
     </span>
    </p>
   </div>
   <div class='ocr_carea' id='block_1_3' title="bbox 2891 4182 2893 4278">
    <p class='ocr_par' dir='ltr' id='par_1_16' title="bbox 2891 4162 2893 4278">
     <span class='ocr_line' id='line_1_50' title="bbox 2891 4182 2893 4278; baseline 0 0"><span class='ocrx_word' id='word_1_441' title='bbox 2891 4182 2893 4278; x_wconf 56' lang='grc' dir='ltr'>ι</span> 
     </span>
    </p>
   </div>
  </div>
 </body>
</html>
