2925 4992
1037 304 1559 385 POLYMNLQ
1730 376 1737 383 ,
2300 309 2447 391 361,
2480 338 2487 343 ·

199 458 350 518 inde
386 460 458 520 ad
500 460 924 537 Thermopylas
965 463 1462 536 compendiosius,
1488 478 1667 537 quam
1692 461 1968 520 circuitus
2006 469 2067 521 et
2106 462 2417 521 adscensus

197 540 448 597 montiS.
528 541 774 599 Barbari
798 542 1000 617 igitur,
1023 544 1122 617 qui
1163 562 1300 601 cum
1339 542 1537 599 Xerxe
1576 549 1767 607 erant,
1792 538 1855 597 in
1882 543 2109 601 hostem
2140 560 2445 615 perrexe-w.

196 628 380 675 runt:
423 633 481 675 et
529 620 722 677 Graeci
761 639 900 687 cum
939 622 1222 689 Leonida,
1251 629 1460 695 utpote
1502 618 1577 677 ad
1618 628 1871 680 mortem
1910 622 1995 677 ire
2036 622 2245 695 parati,
2282 616 2413 690 jam
2444 658 2450 663 -

193 698 396 755 multo
441 699 698 773 longius,
729 718 908 773 quam
955 708 1108 765 ante,
1147 701 1212 755 in
1248 700 1652 775 spatiosiorem
1697 699 1961 757 faucium
2004 708 2227 781 partem
2272 718 2410 773 pro-

187 776 384 851 gressi
413 787 570 834 sunt.
649 778 808 837 Nam
845 779 1001 835 muri
1045 779 1284 851 quidem
1310 779 1751 836 munimentum
1788 779 2263 847 custodiebatur3
2312 796 2409 835 su-

188 855 523 929 perioribus
549 874 689 912 vero
717 856 926 913 diebus
952 858 1012 913 in
1037 858 1192 931 ipsas
1215 858 1394 913 etiam
1424 858 1626 915 fauces
1654 858 1947 931 progressi
1976 865 2411 931 pugnaverant.

189 932 378 989 Nunc
419 935 625 1010 igitur,
668 952 851 1007 quum
897 944 1064 991 extra
1109 938 1413 1011 angustias
1457 945 1826 993 consererent
1869 954 2149 1011 pugnam,
2198 936 2410 1009 ingens

189 1012 468 1069 hostium
505 1014 716 1071 cecidit
755 1014 1090 1077 multitudo,
1169 1015 1412 1073 Etenim
1450 1014 1891 1089 manipulorum
1932 1016 2129 1081 duceS‚
2158 1012 2408 1089 flagellis

188 1110 228 1149 a
268 1100 444 1167 tergo
488 1095 796 1161 instantes,
825 1101 884 1149 et
924 1111 1400 1167 unumquemque
1440 1094 1755 1159 caedenteS,
1782 1094 1857 1149 ad
1882 1094 2128 1151 ulterius
2170 1110 2409 1168 progre-

189 1171 484 1227 diendum
512 1188 652 1229 suos
679 1172 1072 1229 concitabant.
1150 1170 1353 1247 Itaque
1380 1190 1589 1229 eorum
1614 1173 1789 1227 multi
1817 1174 1879 1227 in
1906 1191 2065 1229 mare
2092 1170 2411 1229 incidentes
2434 1222 2440 1227 .

189 1248 547 1324 perierunt3
592 1251 784 1307 multo
829 1268 967 1305 vero
1003 1251 1220 1323 plures,
1265 1251 1366 1307 alii
1409 1253 1485 1307 ab
1522 1251 1671 1317 aliis,
1699 1252 1821 1305 vivi
1862 1250 2183 1307 conculcati
2225 1253 2405 1307 sunt:

187 1346 306 1385 nec
343 1329 472 1385 ulla
515 1330 662 1385 ratio
704 1327 1030 1385 habebatur
1067 1331 1460 1405 pereuntium.
1540 1331 1699 1387 Nam
1739 1328 2187 1394 Lacedaemonii,
2218 1347 2403 1403 quum

185 1404 514 1463 imminere
535 1408 648 1463 sibi
676 1414 925 1465 mortem
956 1409 1031 1464 ab
1062 1410 1154 1465 his
1177 1411 1280 1483 qui
1307 1416 1574 1465 montem
1612 1409 2063 1465 circumiverant
2091 1414 2208 1465 non
2241 1409 2411 1483 igno·-

184 1494 414 1553 rarent,
458 1493 679 1559 quanta
728 1487 987 1543 maxima
1035 1495 1306 1561 poterant
1348 1484 1711 1545 fortitudinis
1767 1488 2087 1561 specimina
2132 1487 2409 1543 adversus

185 1565 492 1621 Barbaros
533 1563 862 1631 ediderunt,
907 1566 1075 1621 nullo
1115 1567 1292 1623 modo
1333 1574 1633 1640 parcentes
1680 1566 1811 1632 sibi,
1842 1584 1909 1623 ac
1948 1561 2304 1621 furiosorum
2349 1566 2413 1622 in

187 1662 427 1700 morem
456 1650 806 1718 pugnantes,

271 1726 416 1777 224.
459 1722 665 1779 Hastae
693 1722 929 1794 quidem
949 1717 1078 1791 jam
1121 1730 1260 1780 tunc
1301 1722 1595 1796 plerisque
1638 1722 1839 1781 fractae
1880 1728 2068 1787 erant,
2100 1730 2173 1779 et·
2199 1720 2411 1797 gladiis

190 1801 280 1857 illi
329 1800 536 1856 Persas
577 1800 976 1857 conficiebant.
1073 1801 1144 1857 ln
1191 1819 1262 1857 eo
1303 1800 1525 1867 labore,
1554 1802 1628 1857 ab
1675 1801 1859 1858 altera
1905 1809 2089 1873 parte,
2120 1801 2413 1859 Leonidas

187 1880 519 1937 fortissime
547 1896 819 1953 pugnans
845 1878 1075 1945 cecidit,
1105 1897 1242 1935 cum
1281 1897 1469 1952 eoque
1496 1882 1595 1935 alii
1623 1880 1877 1935 illustres
1906 1880 2211 1952 Spartani3
2258 1897 2408 1955 quo-

190 1977 330 2015 rum
374 1976 510 2032 eg0‚
539 1966 609 2014 ut
650 1958 968 2033 dignorum
1007 1959 1290 2024 virorum,
1324 1958 1565 2014 nomina
1590 1959 1911 2014 sciscitatus
1954 1976 2085 2014 sum
2122 1959 2409 2035 cognovi-

187 2055 311 2112 que
339 2060 352 2093 :
401 2034 610 2093 rescivi
638 2053 776 2092 vero
804 2037 983 2092 etiam
1010 2038 1275 2115 omnium
1325 2038 1570 2093 nomina
1613 2045 2025 2094 trecentorum.
2108 2038 2199 2093 Ab
2227 2038 2414 2095 altera

187 2125 386 2191 parte,
416 2134 491 2171 ex
504 2116 708 2171 Persis
735 2113 952 2171 ibidem
993 2122 1052 2171 et
1092 2114 1194 2172 alii
1234 2115 1407 2173 multi
1443 2116 1699 2173 illustres
1740 2116 2071 2172 ceciderunt
2099 2116 2234 2183 viri,
2264 2117 2408 2173 etin

185 2197 288 2265 his
318 2194 438 2250 duo
465 2194 634 2250 Darii
661 2193 791 2259 filii,
819 2194 1198 2263 AbrocomeS,
1223 2203 1282 2251 et
1313 2195 1747 2269 HyperantheS,
1770 2214 1915 2267 quos
1938 2213 2008 2249 cx
2034 2193 2415 2269 Phrataguna

187 2270 431 2331 Artanis
464 2272 586 2329 filia
610 2272 828 2329 Darius
854 2281 1205 2347 susceperat.
1284 2273 1537 2331 Artanes
1564 2282 1763 2329 autem
1796 2273 1975 2327 frater
1999 2272 2192 2329 fuerat
2218 2272 2410 2342 Darii,

187 2353 518 2428 Hystaspis
561 2351 738 2418 filius,
782 2352 1042 2407 Arsamis
1087 2369 1289 2424 nepos,
1370 2348 1426 2407 Is
1478 2352 1657 2407 Dario
1702 2350 1885 2405 filiam
1935 2368 2101 2404 suam
2155 2352 2408 2418 elocanS,

187 2430 376 2489 simul
402 2439 594 2487 totam
619 2447 791 2489 suam
829 2431 1076 2490 domum
1101 2430 1156 2487 ei
1184 2431 1527 2497 donaverat,
1556 2447 1743 2503 quum
1780 2428 1958 2485 unica
1996 2429 2179 2501 ipsius
2219 2429 2411 2502 proles

188 2510 300 2567 illa
325 2509 552 2565 fuisset.

276 2592 419 2645 225.
465 2588 659 2664 Igitur
696 2588 814 2643 duo
854 2586 1070 2646 Xerxis
1093 2588 1302 2646 fratres
1327 2587 1408 2643 ibi
1439 2593 1772 2662 pugnantes
1798 2587 2146 2643 ceciderunt.
2228 2587 2417 2661 Super

187 2667 481 2727 Leonidae
533 2685 674 2723 vero
717 2666 996 2723 cadavere
1042 2686 1174 2723 acre
1221 2666 1337 2722 fuit
1383 2668 1535 2723 inter
1580 2667 1781 2723 Persas
1824 2675 1884 2723 et
1928 2666 2414 2724 Lacedaemonios

186 2755 533 2805 certamen:
579 2746 767 2804 donec
804 2743 878 2801 ad
907 2752 1240 2803 extremum
1279 2762 1389 2801 sua
1432 2746 1647 2802 virtute
1688 2746 1879 2801 Graeci
1920 2745 2066 2801 illud
2108 2744 2413 2801 subtraxe-

187 2835 360 2892 runt,
389 2835 597 2899 quater
624 2825 684 2879 in
713 2823 920 2897 fugam
947 2822 1128 2880 versis
1169 2824 1529 2881 adversariis
1607 2823 1700 2879 Ita
1733 2833 2063 2897 pugnatum
2092 2830 2199 2887 est,
2228 2824 2413 2881 donec
2516 2870 2535 2895 ,

187 2907 296 2979 qui
329 2922 468 2961 cum
495 2902 774 2977 Ephialte
799 2910 964 2959 erant
987 2903 1296 2960 advenere.
1378 2903 1547 2967 Quos
1573 2903 1673 2957 ubi
1696 2902 1965 2969 accedere
1994 2902 2413 2957 intellexerunt

189 2984 415 3049 Graeci,
443 2991 572 3047 tum
602 3000 744 3047 vero
771 2989 1066 3038 mutatum
1106 2990 1400 3037 certamen
1431 2992 1536 3035 est.
1615 2981 1789 3035 Tunc
1819 2981 1981 3036 enim
2011 2981 2073 3035 in
2104 2982 2411 3054 angustias

188 3062 310 3121 viae
337 3079 402 3120 se
429 3069 800 3134 receperunt,
829 3067 890 3117 et
928 3076 1169 3118 murum
1209 3060 1388 3115 etiam
1415 3060 1833 3133 praetergressi,
1860 3059 1959 3114 ubi
2000 3059 2071 3115 ad
2115 3059 2414 3115 tumulum

190 3148 516 3207 venerunt,
543 3141 649 3213 qui
689 3139 750 3196 in
795 3138 1044 3195 introitu
1083 3139 1489 3213 angustiarum
1532 3147 1640 3204 est,
1671 3137 1771 3193 ubi
1818 3154 1973 3193 nunc
2016 3137 2276 3208 lapideus
2319 3137 2415 3193 leo

195 3230 318 3280 stat
348 3221 410 3277 in
435 3218 716 3283 Leonidae
748 3218 1113 3280 memoriam,
1139 3217 1222 3273 ibi
1247 3216 1567 3276 confertim
1610 3217 1999 3273 consederunt
2038 3216 2139 3269 alii
2178 3230 2411 3281 omnes,

197 3307 417 3375 praeter
443 3298 777 3361 Thebanos.
857 3295 1202 3367 Eodemque
1227 3296 1360 3351 loco
1385 3294 1595 3370 gladiis
1620 3314 1745 3353 sese
1772 3294 2172 3360 defendenteS,
2200 3290 2415 3366 quibus

187 3378 382 3455 gladii
394 3385 760 3449 supererant,
786 3374 886 3431 alii
910 3376 1180 3437 manibus
1201 3374 1593 3448 dentibusque
1606 3376 2031 3449 depugnantes,
2055 3374 2247 3427 obruti
2277 3380 2415 3429 sunt

190 3457 601 3523 Barbarorum
638 3455 790 3520 telis,
820 3455 1034 3527 partim
1061 3453 1306 3511 subruta
1355 3456 1515 3515 muri
1566 3454 1889 3521 munitione
1934 3470 2007 3508 ex
2047 3452 2289 3509 adverso
2318 3452 2411 3509 in-

191 3536 574 3617 gruentium,
601 3534 812 3608 partim
844 3550 918 3589 ex
942 3533 1186 3591 circuitu
1211 3532 1471 3603 undique
1498 3533 2021 3587 circumstantium.

277 3619 418 3675 226.
459 3614 634 3674 'sales
677 3630 862 3686 quum
907 3630 970 3670 se
1017 3610 1395 3684 praestiterint
1445 3607 1873 3667 Lacedaemonii
1916 3619 1975 3665 et
2024 3608 2413 3682 Thespienses

192 3712 438 3761 omnes,
467 3692 824 3750 fortissimus
843 3699 1046 3750 tamen
1067 3708 1140 3745 ex
1169 3689 1260 3747 his
1289 3688 1471 3746 fuisse
1496 3689 1707 3745 dicitur
1730 3688 2019 3753 Dieneces
2042 3689 2367 3761 Spartanus
2392 3708 2407 3743 ε

197 3790 382 3849 quem
427 3771 612 3838 aiunt,
642 3766 982 3844 priusquam
1023 3785 1160 3826 cum
1195 3766 1392 3823 Medis
1423 3766 1940 3841 congrederentur,
1969 3766 2214 3821 verbum
2266 3765 2413 3821 illud

196 3852 436 3918 dixisse,
467 3868 652 3925 quum
700 3847 1081 3905 Trachinium
1129 3844 1442 3919 quemdam
1488 3846 1806 3901 audivisset
1852 3846 2165 3909 dicentem,
2196 3844 2435 3915 quando„

195 3931 444 3989 Barbari
501 3930 612 3988 tela
667 3929 962 3993 emiserint,
1015 3925 1368 3981 multitudine
1430 3926 1659 3981 telorum
1700 3926 1864 3989 solem
1912 3928 1984 3979 iri
2035 3923 2379 3979 obscuratum
2394 3947 2417 3991 3

195 3994 421 4067 tantani
443 4011 587 4065 enim
628 4025 738 4065 esse
777 4006 1012 4061 hostium
1050 4003 1475 4059 multitudinem.
1557 4002 1739 4060 Hunc
1780 4005 1984 4077 igitur,
2014 4001 2101 4056 nil
2142 4003 2415 4074 perterri-

191 4100 354 4157 tum,
378 4088 480 4146 sed
523 4092 936 4160 aspernantem
975 4081 1292 4142 Medorum
1331 4082 1796 4149 multitudinem,
1826 4079 2193 4153 respondisse
2221 4081 2413 4149 aiunt,

195 4173 240 4201 “
275 4169 476 4229 fausta
518 4164 723 4223 omnia
767 4161 988 4221 Graeeis
1031 4160 1306 4220 nunciare
1347 4160 1638 4234 hospitem
1673 4160 1725 4217 T
1731 4159 2099 4231 mohin-ium,
2146 4159 2413 4235 quando-

1276 4243 1312 4294 3
1344 4256 1379 4293 A
