2925 4992
1046 298 1500 369 numam.
2265 312 2380 369 11⁷

150 478 327 525 aum
348 468 497 525 viros
520 462 801 521 ademisse
820 482 859 521 a
881 466 1047 533 mari,
1072 468 1169 539 qui
1203 467 1449 539 praedam
1473 483 1540 523 ee
1567 471 1716 523 terra
1741 472 1982 539 agerent.
2060 464 2218 525 Tum
2247 464 2372 539 iile,

158 539 479 624 impletum
516 562 643 601 esse
674 544 1017 619 intelligens
1042 546 1372 614 oraculum,
1400 546 1658 621 benigne
1683 546 1857 601 lonas
1884 545 2178 619 Ceresque
2203 563 2376 603 exce-

157 628 271 700 pit,
302 624 659 700 magnisque
686 624 995 697 promissis
1036 624 1382 697 persuadere
1418 624 1558 693 illis,
1585 633 1656 681 ut
1677 640 1882 681 secum
1917 631 2246 692 manerent,
2273 642 2376 681 co·-

160 713 335 761 natus
360 710 471 761 est.
552 702 789 763 Quibus
815 709 883 757 ut
918 701 977 757 id
1018 699 1329 775 persuasit,
1354 703 1532 759 simul
1571 720 1710 759 eum
1735 702 2063 778 AEgyptiis‚
2091 704 2196 775 qui
2235 720 2374 760 cum

158 782 289 857 ipso
312 781 675 845 sentiebant,
702 789 767 837 et
788 797 931 837 cum
950 780 1045 837 his
1066 781 1470 846 auxiliaribus,
1497 781 1752 854 reliquos
1779 798 1948 857 reges
1971 781 2278 855 oppressit.

240 866 375 919 153.
418 859 519 917 lta
558 858 745 917 totius
780 857 1037 933 AEgypti
1076 876 1263 935 regno
1308 862 1532 933 potitus
1572 860 2017 927 Psammetichus,
2045 860 2376 917 construxit

162 939 442 1013 Memphi
464 938 767 1013 propylaea
790 937 1041 995 Vulcani
1064 938 1139 995 ad
1174 939 1480 995 meridiem
1507 940 1870 1013 spectantia:
1913 947 1976 995 et
2013 938 2212 997 aulam
2238 939 2384 997 edi-

161 1018 359 1075 ficavit
382 1017 583 1093 Apidi,
610 1018 677 1073 in
704 1033 825 1089 qua
862 1016 1119 1073 aleretur
1154 1017 1285 1090 apis
1322 1016 1512 1073 sicubi
1553 1016 1936 1092 adparuisset.
2014 1016 2106 1073 En
2143 1017 2284 1075 aula
2305 1035 2382 1074 ex

161 1097 409 1153 adverso
434 1095 871 1170 propylaeorum
896 1104 1009 1161 est,
1040 1102 1167 1151 tota
1192 1091 1494 1169 peristylio
1521 1096 1906 1163 circumdata,
1933 1104 1995 1152 et
2023 1096 2228 1171 figuris
2249 1114 2380 1155 om·-

160 1177 223 1231 ni
246 1194 323 1232 ex
362 1180 535 1249 parte
560 1181 887 1231 exornata:
930 1190 1037 1249 pro
1066 1174 1365 1231 columnis
1404 1174 1694 1247 suppositi
1735 1185 1873 1233 sunt
1899 1174 2112 1231 colossi
2153 1175 2379 1233 ‹luode-

164 1271 309 1311 num
340 1253 707 1311 cubitorum.
752 1276 761 1283 ·
784 1252 927 1324 Apis
954 1260 1179 1318 nutem,
1208 1251 1550 1309 Graecorum
1577 1270 1846 1310 sermone
1871 1252 2154 1327 Epaphus
2179 1263 2292 1311 est.

242 1334 377 1389 154.
422 1332 667 1389 ionibus
698 1347 837 1387 vero
858 1338 921 1387 et
948 1331 1219 1400 Caribus,
1248 1348 1502 1404 quornm
1527 1349 1708 1405 opera
1731 1348 1872 1388 usus
1897 1343 2043 1399 erat,
2071 1350 2248 1409 agros
2272 1333 2382 1389 ha-

160 1410 437 1469 bitandos
462 1409 935 1467 Psammetichus
960 1410 1265 1477 concessit,
1294 1410 1409 1467 sibi
1440 1418 1656 1467 mutuo
1679 1411 1979 1477 obversos,
2009 1411 2390 1472 interfluente

160 1490 343 1547 Nilo:
396 1490 503 1563 qui
542 1488 671 1563 agri
707 1487 905 1543 Castra
931 1486 1128 1545 Ionum
1160 1488 1472 1561 Cariamque
1505 1490 1989 1565 nominabantur..
2055 1488 2383 1565 Postquam

162 1568 267 1625 has
290 1568 479 1625 sedes
504 1568 593 1623 eis
630 1565 950 1632 concessit,
980 1566 1319 1641 reliqwique
1356 1568 1644 1641 promissa
1681 1568 1967 1635 exsolvit3
2013 1585 2226 1641 pueros
2257 1556 2380 1629 'eis-

162 1647 299 1704 dem
326 1645 653 1721 AEgyptios
678 1645 941 1709 tradidit,
968 1646 1075 1718 qui
1108 1643 1327 1703 abillis
1352 1646 1626 1701 Graecum
1655 1646 1982 1703 ediscerent
2007 1663 2340 1705 sermonem
2357 1664 2380 1703 z

164 1738 223 1783 et
262 1744 343 1782 ex
366 1726 463 1781 his
508 1724 727 1799 pueris,
753 1741 1081 1781 sermonem
1112 1724 1359 1791 edoctis,
1390 1724 1520 1781 nati
1547 1733 1686 1781 sunt
1710 1726 1810 1798 qui
1857 1742 2019 1782 nunc
2057 1724 2387 1798 lmerpretae

162 1805 401 1875 mntjn
426 1803 719 1878 AEgypto.
794 1804 987 1877 Agros
1014 1804 1163 1861 istos
1190 1803 1373 1877 longo
1398 1812 1666 1877 tempore
1689 1804 1868 1861 lones
1895 1804 2188 1879 Car-esque
2211 1804 2386 1863 hebi·

162 1890 395 1951 terunt,
425 1884 573 1940 sitos
596 1897 797 1937 versus
838 1898 1001 1937 mare
1040 1882 1219 1955 paulo
1261 1881 1420 1939 infra
1444 1881 1734 1939 Bubastin
1773 1883 2082 1958 oppidum,
2107 1883 2182 1941 ad
2207 1883 2386 1941 Pelu-

162 1964 321 2021 sium
366 1960 541 2034 quo&
566 1967 811 2017 vocatur
837 1958 967 2017 Nili
1002 1960 1247 2017 ostium.
1328 1959 1440 2018 Sed
1481 1962 1824 2036 insequente
1867 1970 2130 2036 tempore
2155 1962 2392 2023 Amasis

164 2060 293 2109 rex,
323 2040 569 2097 sedibus
592 2039 709 2095 illis
736 2038 983 2103 excitos,
1012 2038 1323 2113 Memphin
1359 2038 1694 2097 habitatum
1741 2041 2056 2098 concedere
2087 2037 2290 2111 jussit,
2318 2052 2392 2099 ut

164 2132 371 2178 essent
396 2118 515 2175 sibi
552 2115 823 2175 custodes
858 2118 1121 2191 corporis
1160 2117 1435 2175 adversus
1462 2118 1804 2193 AEgyptios.
1883 2120 1918 2174 J
1923 2138 2022 2177 am
2059 2137 2136 2177 ex
2173 2138 2292 2194 quo
2321 2118 2386 2179 hi

164 2200 515 2274 AEgyptum
554 2196 821 2253 habitare
856 2204 1182 2270 coeperunt,
1210 2214 1315 2253 nos
1344 2198 1560 2264 Graeci,
1585 2216 1724 2255 cum
1764 2199 1858 2255 his
1881 2200 2238 2257 commercia
2276 2200 2388 2257 ha-

161 2278 401 2343 bentes,
432 2292 525 2333 res
566 2276 631 2333 in
672 2273 941 2349 AEgypto
980 2283 1200 2349 gestas,
1228 2275 1363 2332 inde
1406 2294 1443 2333 a
1485 2276 1918 2334 Psammetieho
1957 2291 2120 2351 rege,
2151 2286 2212 2334 et
2253 2295 2390 2352 qun

164 2357 383 2415 deinde
406 2360 595 2431 gestae
616 2361 783 2420 sunt,
808 2354 1084 2409 adcurate
1110 2363 1355 2411 cunctas
1382 2356 1679 2411 novimus.
1749 2354 1832 2413 Hi
1863 2355 2020 2413 enim
2046 2355 2244 2429 primi,
2269 2356 2394 2415 alia

162 2436 380 2511 lingua
431 2435 768 2506 loquentes,
807 2429 1135 2507 AEgyptum
1178 2431 1575 2491 incoluerunt.
1654 2432 1728 2490 In
1771 2433 1856 2491 eis
1903 2441 2102 2491 autem
2145 2434 2312 2503 loeis,
2353 2454 2392 2493 e

164 2515 389 2589 quibus
430 2512 511 2569 ab
534 2510 739 2567 Amasi
776 2511 955 2567 exciti
992 2519 1157 2579 sunt,
1183 2512 1435 2586 vestigia
1477 2514 1806 2579 navalium,
1835 2512 2050 2587 quibus
2075 2512 2170 2567 usi
2201 2521 2392 2583 erant,

162 2602 227 2652 et
254 2591 645 2651 aedificiorum
669 2588 879 2645 rudera
902 2590 977 2647 ad
1003 2607 1197 2647 meam
1234 2590 1427 2647 adhuc
1462 2599 1702 2649 aetntem
1739 2590 2180 2667 superfuerunt.
2257 2588 2388 2651 Isto

164 2673 359 2748 igitur
378 2670 565 2727 modo
586 2668 1057 2725 Psammetichus
1082 2668 1351 2743 :Egypto
1378 2672 1600 2743 potitus
1629 2678 1735 2728 est.

224 2754 387 2814 ,155.
430 2748 695 2814 oraculi,
718 2746 877 2820 quod
904 2748 969 2803 in
995 2748 1263 2821 AEgypto
1286 2758 1399 2816 est,
1420 2747 1552 2818 jam
1585 2750 1796 2823 saepius
1825 2749 1942 2807 feci
1981 2752 2340 2811 mentionem
2351 2778 2379 2826 -ς

166 2837 231 2886 et
266 2830 349 2887 de
386 2826 622 2894 eodem,
650 2828 867 2899 quippe
909 2834 1243 2884 memoratu
1282 2826 1494 2901 dign0,
1521 2828 1818 2903 copiosius
1855 2830 2038 2887 etiam
2075 2848 2394 2905 exponam.—

164 2908 279 2965 Est
306 2915 515 2965 autem
544 2906 656 2961 boc
684 2904 987 2971 oraculum,
1004 2904 1235 2961 Latonoe
1261 2906 1576 2979 templum,
1603 2908 1664 2963 in
1693 2924 1916 2982 magno
1941 2910 2158 2983 oppido
2181 2912 2386 2979 situm,

166 2988 241 3043 ad
272 2985 721 3043 Sebenniticum
744 2983 901 3057 quod
929 2991 1173 3042 vocatur
1192 2982 1319 3039 Nili
1344 2987 1590 3051 ostium,
1609 2986 1852 3043 adverso
1877 2984 2116 3043 flumine
2139 3006 2212 3045 ex
2241 2992 2392 3047 mari

163 3063 615 3203 Εῑῑ“.3,ξ“-“·
672 3061 1612 3215 mmmmm
1642 3060 1770 3199 {⁸¹⁰
1809 3072 1950 3197 ⁸:¹¹oe
1971 3065 2390 3201 Messes

318 3161 405 3201 au
572 3160 633 3197 m
780 3159 879 3197 em
1168 3160 1187 3197 i
1675 3159 1816 3215 emp
1833 3160 1968 3209 um,
1995 3161 2028 3199 e
2156 3162 2216 3201 m
2279 3164 2390 3205 um

168 3223 403 3281 Dianae.
484 3220 735 3277 Latonoe
760 3236 899 3277 vero
934 3219 1251 3292 templum,
1274 3221 1335 3277 in
1362 3238 1486 3294 quo
1509 3228 1600 3277 est
1623 3222 1954 3289 oraculum,
1978 3240 2164 3296 quum
2191 3164 2390 3298 igsum

168 3318 469 3377 magnum
512 3307 625 3365 est,
656 3308 783 3355 tum
825 3298 1123 3372 propylaea
1160 3298 1339 3357 habet
1377 3298 1766 3377 quadraginta
1803 3301 2138 3359 cubitorum
2179 3303 2420 3361 altitu--

170 3381 337 3437 dine.
422 3378 597 3437 Quod
624 3394 765 3435 vero
790 3395 864 3433 ex
890 3377 1003 3443 his,
1026 3393 1161 3451 quae
1188 3377 1269 3433 ibi
1296 3378 1764 3452 conspiciuntur,
1790 3381 2048 3437 maxima
2073 3398 2170 3438 me
2197 3382 2390 3441 admi-

172 3459 409 3517 ratione
434 3456 673 3523 adfecit,
700 3459 813 3515 hoe
840 3456 1051 3513 dicam.
1128 3455 1243 3513 Est
1278 3457 1339 3513 in
1383 3457 1590 3515 eodem
1631 3459 1764 3516 loco
1787 3476 1954 3516 sacro
1977 3461 2115 3517 cedes
2137 3459 2395 3523 Latonae

172 3556 245 3597 ex
274 3554 387 3593 mio
418 3536 605 3608 lapide
628 3534 895 3608 mecla,
924 3550 1113 3607 quum
1138 3534 1201 3591 in
1244 3535 1642 3601 altitudinem,
1671 3548 1802 3595 tum
1827 3538 1890 3594 in
1915 3536 2346 3615 longitudinem
2366 3566 2389 3613 3

168 3616 431 3690 quilibet
444 3613 640 3687 paries.
652 3613 863 3687 aequali
878 3620 971 3671 cst
988 3612 1365 3687 longitudine
1380 3614 1788 3683 etaltitudine,
1803 3622 1862 3673 et
1879 3618 2118 3691 quidem
2136 3621 2390 3693 quadra-

172 3688 1694 3845 {Jssz’ffliffsbsssssszzssssefizziss‘zsssssssssffiss?
1717 3705 1808 3753 ‘³⁸‘
1833 3696 2002 3773 ¹³⁹³⁵’
2019 3698 2122 3771 ‘¹¹²³
2146 3699 2216 3753 ⁸⁶¹
2246 3716 2392 3771 ‘¹¹²⁸‘

258 3856 401 3909 156.
440 3850 673 3909 Eorum
712 3849 895 3924 igitur
918 3850 1021 3923 qui
1060 3849 1213 3907 circa
1248 3850 1363 3907 hoc
1388 3852 1680 3925 templum
1703 3854 2168 3926 conspiciuntur,
2199 3853 2390 3911 maxi-

174 3951 295 3991 mae
332 3930 489 3989 mihi
529 3929 901 3989 admirationi
944 3928 1063 3985 fuit
1104 3928 1259 3987 aedes
1298 3928 1437 3985 illa:
1475 3931 1730 3989 secundo
1769 3942 1970 3990 autem
2011 3932 2166 3997 loco,
2195 3932 2394 3995 insula

172 4029 311 4086 quae
338 4009 651 4072 Chemmis
680 4006 1036 4065 nominatur.
1082 4004 1205 4079 Sita
1234 4006 1357 4063 haec
1380 4016 1476 4065 est
1496 4008 1560 4065 in
1583 4010 1718 4067 lacu
1741 4010 1864 4067 alto
1889 4008 2204 4084 amploque
2216 4007 2396 4083 juxta

176 4090 475 4165 templum
494 4086 657 4161 quod
676 4086 743 4143 in
768 4086 929 4157 Buto
953 4093 1079 4143 esti
1106 4084 1427 4159 dicuntque
1437 4084 1738 4163 AEgyptii,
1765 4106 1892 4147 esse
1914 4106 2048 4145 eam
2072 4097 2393 4151 natantem.

176 4168 257 4229 Et
282 4185 406 4248 ego
422 4166 665 4242 quidem
684 4182 822 4229 enm
844 4181 960 4226 nec
986 4171 1227 4231 nantem
1246 4164 1393 4235 vidi,
1411 4183 1522 4225 nee
1545 4173 1806 4237 motam:
1835 4166 1940 4229 sul
1965 4168 2120 4227 istud
2149 4170 2392 4231 audiens
