2925 4992
562 319 689 379 1520
1122 310 1620 373 HERODDTI
1683 306 2044 373 HlsToR.
2103 314 2184 374 11.

555 468 905 551 AEgyptios
886 470 1001 567 ‘qui
1042 473 1194 529 circa
1232 474 1427 547 ipsum
1458 479 1626 529 erant
1651 472 1872 539 virum,
1899 472 1994 529 cui
2035 487 2252 530 nomen
2278 472 2668 544 Patarbemi's,
2697 474 2780 548 ai}

554 554 795 613 Amasin
822 552 982 609 misit
1006 568 1146 608 cum
1174 551 1479 618 mandato,
1497 559 1566 607 ut
1583 550 1789 608 vivum
1811 553 1980 608 illum
2007 552 2082 607 ad
2107 568 2186 607 se
2191 552 2520 611 adduceret.
2564 556 2774 615 Patu-

552 632 743 689 bemis
780 640 853 687 ut
892 630 1155 697 advenit,
1197 630 1560 703 Amasinque
1603 631 1874 702 vocavit3
1921 648 2070 723 equo
2119 638 2290 687 tunc
2307 631 2462 689 forte
2509 631 2774 690 insidens

554 711 811 777 Amasis,
842 708 1073 765 sublato
1108 726 1293 775 crure,
1322 709 1532 765 flatum
1570 710 1790 764 ventris
1829 710 2045 779 emisit,
2077 716 2256 783 atque
2281 711 2394 766 hoc
2417 728 2558 767 eum
2590 707 2776 781 jussit

552 788 745 863 Apriae
786 796 1096 863 reportare.
1176 787 1383 844 Nihilo
1424 787 1624 843 minus
1651 786 1728 843 ab
1767 804 1840 843 eo
1881 789 2229 861 postulasse,
2259 789 2448 855 aiunt,
2479 790 2772 847 Patarbe-

552 870 704 935 min,
743 874 814 923 ut
860 866 933 923 ad
980 882 1205 940 regem,
1248 867 1351 939 qui
1396 884 1538 921 eum
1581 876 1914 933 arcesseret,
1955 868 2164 923 abiret.
2245 868 2360 923 Cui
2399 870 2774 941 respondisse

551 946 820 1012 Amasin,
852 942 1043 1015 “jam
1090 944 1314 1018 pridem
1358 943 1472 1001 hoc
1513 945 1711 1018 ipsum
1752 962 1816 1001 se
1852 962 2078 1018 parare,
2109 962 2220 1002 nec
2245 946 2320 1001 de
2345 962 2408 1001 se
2447 963 2518 1003 ea
2557 964 2774 1003 caussa

554 1030 601 1059 “
628 1030 1085 1097 conquesturum
1124 1040 1253 1078 esse
1284 1023 1538 1101 Aprien:
1583 1022 1928 1079 adfuturum
1967 1025 2130 1081 enim
2171 1032 2234 1079 et
2271 1025 2488 1099 ipsum,
2517 1036 2580 1081 et
2619 1028 2772 1083 alios

552 1108 599 1137 “
628 1120 826 1160 secum
855 1103 1225 1158 ducturum.”
1310 1102 1583 1162 Quorum
1607 1101 1922 1157 verborum
1949 1104 2310 1159 sententiam
2339 1120 2460 1163 non
2489 1104 2772 1179 ignorari..

552 1189 676 1238 tem
707 1180 1107 1246 Patarbemin,
1136 1196 1321 1253 quum
1348 1186 1622 1253 paratum
1653 1179 1828 1237 illum
1855 1180 2098 1247 videret,
2125 1190 2458 1239 maturasse
2483 1183 2771 1253 reditum,

550 1268 623 1317 ut
661 1270 843 1334 quam·
882 1259 1145 1332 primum
1187 1258 1335 1332 regi,
1364 1258 1507 1333 quid
1549 1268 1841 1332 ageretur,
1871 1260 2255 1315 renunciaret.
2335 1262 2556 1334 Aprien
2597 1280 2769 1331 veru,

553 1352 740 1412 quum
768 1338 867 1393 ille
906 1338 1137 1407 rediens
1166 1336 1406 1393 Amasin
1446 1354 1566 1392 non
1605 1336 1964 1403 adduxisset,
1993 1340 2081 1393 ira
2119 1354 2449 1405 accensum,
2479 1340 2648 1396 nulla
2677 1356 2774 1397 se.-

550 1434 694 1473 cum
736 1417 967 1472 ratione
1008 1415 1179 1481 inita,
1208 1432 1379 1473 aures
1418 1432 1702 1489 naresque
1748 1417 1984 1488 praecidi
2011 1418 2065 1473 ei
2093 1412 2362 1487 jussisse.
2445 1418 2638 1479 Quod·
2665 1420 2770 1476 ubi

554 1496 828 1553 viderunt
868 1494 1080 1569 reliqui
1120 1491 1415 1569 AEgyptii,
1444 1494 1550 1567 qui
1593 1493 1786 1551 adbuc
1827 1512 1966 1550 cum
2007 1512 2150 1570 rege
2189 1496 2470 1564 fecerant,
2501 1498 2700 1554 virum
2737 1516 2773 1555 e

546 1574 676 1632 suis
709 1573 1205 1649 spectatissimum
1245 1575 1330 1628 ita
1364 1572 1788 1629 contumeliose
1825 1574 2111 1641 mutilari,
2139 1574 2364 1634 nullam
2407 1592 2639 1632 moram
2673 1576 2770 1632 fa-

545 1654 797 1719 cientes,
827 1652 1195 1709 desciverunt
1222 1659 1282 1707 et
1308 1652 1417 1725 ipsi
1446 1651 1524 1707 ad
1549 1650 1830 1725 reliquos,
1859 1660 1920 1707 et
1947 1653 2146 1709 Amasi
2173 1670 2238 1709 se
2264 1654 2646 1711 tradiderunt.
2737 1664 2744 1668 ·

636 1736 771 1789 163.
812 1733 950 1793 Quo
990 1732 1235 1805 cognito
1262 1730 1490 1803 Apries,
1515 1731 1774 1788 armavit
1815 1731 2148 1797 auxiliares,
2179 1740 2242 1787 et
2273 1733 2552 1789 adversus
2578 1731 2772 1809 AEgy-

554 1810 709 1886 ptios
732 1810 937 1866 duxit:
983 1809 1192 1865 habuit
1216 1816 1415 1864 autem
1442 1824 1644 1864 secum
1671 1812 1891 1865 Car-um
1919 1818 1980 1865 et
2007 1808 2222 1867 Ionum
2253 1811 2633 1867 auxiliarium
2659 1814 2776 1869 tri·-

556 1890 728 1965 ginta
753 1888 971 1945 millia:
1020 1888 1183 1961 regia
1206 1894 1405 1942 autem
1434 1894 1495 1943 et
1523 1888 1685 1943 sedes
1711 1894 1838 1942 erat
1863 1888 1926 1943 in
1947 1888 2095 1944 urbe
2121 1889 2240 1955 Sei,
2263 1888 2527 1963 amplum
2553 1898 2616 1945 et
2635 1908 2772 1965 spe·-

550 1975 723 2025 ctatu
748 1968 1001 2040 dignum
1030 1965 1359 2021 aedificium.
1438 1966 1644 2038 Apries
1675 1966 1862 2040 igitur
1891 1984 2026 2021 cum
2055 1969 2180 2025 suis
2219 1968 2519 2040 profectus
2543 1976 2638 2024 est
2663 1970 2772 2025 ad-

552 2060 757 2103 versus
796 2045 1155 2121 AEgypti053
1202 2050 1261 2099 et
1298 2044 1530 2099 Amasis
1565 2062 1704 2099 cum
1741 2044 2044 2119 AEgyptiis
2085 2045 2362 2102 adversus
2401 2046 2556 2121 regis
2599 2050 2772 2103 auxi-

553 2124 765 2181 liar-es:
812 2140 1117 2197 quumque
1156 2121 1333 2178 ambo
1374 2122 1530 2177 circa
1565 2122 1984 2197 Momemphin
2027 2124 2314 2198 oppidum
2349 2132 2573 2192 essent,
2601 2126 2670 2182 in
2699 2144 2772 2183 eo

554 2211 721 2260 erant
744 2209 817 2258 ut
844 2218 1063 2276 pugnae
1086 2200 1401 2257 discrimen
1428 2202 1853 2274 experirentur.

540 2290 563 2318 '·
638 2284 770 2337 164.
812 2280 963 2336 Sunt
990 2283 1046 2335 in
1072 2280 1325 2353 AEgypto
1347 2285 1554 2352 septem
1579 2280 1852 2335 hominum
1875 2297 2092 2352 genera.
2174 2279 2412 2339 Horum
2435 2281 2537 2339 alii
2577 2300 2776 2340 sacer-

554 2362 745 2428 doteS,
763 2359 863 2415 alii
894 2358 1205 2415 bellatores
1232 2358 1636 2425 nominantur,
1657 2358 1756 2415 alii
1781 2358 2040 2425 bubulci,
2063 2358 2167 2415 alii
2189 2360 2772 2428 subulci,·institores

554 2435 677 2511 alii,
711 2438 813 2495 alii
838 2438 1209 2513 interpretes,
1236 2436 1335 2493 alii
1362 2436 1604 2493 navium
1632 2437 2074 2529 gubernatores.
2153 2438 2270 2495 Tot
2291 2446 2435 2494 sunt
2455 2437 2770 2515 AEgyptio-

553 2534 690 2575 rum
731 2534 969 2593 genera,
1000 2518 1123 2571 sive
1148 2516 1396 2571 classes.
1438 2515 1654 2589 quibus
1693 2517 1931 2572 nomina
1963 2516 2244 2589 imposita
2271 2524 2415 2575 sunt
2439 2517 2516 2572 ab
2543 2521 2776 2577 artibus

554 2614 699 2672 quas
734 2602 1024 2652 exercent.
1103 2592 1472 2651 Bellatorum
1513 2610 1716 2651 rursus
1747 2594 1850 2650 alii
1885 2594 2196 2651 Celsen-ies
2235 2596 2644 2667 nominantur,
2669 2598 2776 2655 alii

525 2674 1013 2747 ··flermotybies·
1054 2671 1157 2746 qui
1184 2690 1258 2727 ex
1285 2672 1445 2727 hisce
1471 2679 1610 2729 sunt
1633 2672 2016 2745 praefecturis.
2081 2674 2312 2745 (Nam
2295 2692 2360 2729 ιιι
2385 2674 2770 2762 praefecturas

546 2756 773 2830 ·[nomos
796 2748 987 2809 Graeci
1014 2750 1255 2823 vocant]
1284 2758 1411 2807 tota
1435 2750 1751 2807 distributa
1771 2752 2072 2827 AEgyptus
2098 2750 2232 2822 est.)

640 2835 770 2889 165.
810 2830 1268 2920 Hennotybium
1323 2830 1491 2885 nomi
1539 2838 1711 2886 sunt.
1765 2830 2068 2897 Busirites,
2111 2831 2322 2900 Saites,
2375 2834 2769 2901 Chemmites,

554 2910 941 2985 Papi-emitae,
970 2910 1170 2965 insula
1206 2902 1302 2965 c'ui
1342 2926 1560 2965 nomen
1589 2908 1930 2983 Prosopitis,
1958 2910 2162 2966 Natho
2199 2920 2276 2967 ex
2299 2911 2547 2969 dimidia
2587 2922 2770 2987 parte.

556 2990 742 3049 Hisce
768 3006 841 3045 ex
870 2987 1233 3063 praefecturis
1258 2996 1401 3044 sunt
1419 2986 1875 3061 Hermotybies;
1909 3006 2162 3045 numero
2183 2990 2452 3063 (quando
2469 2992 2778 3049 maximus

556 3086 764 3127 eorum
792 3068 1097 3137 numerus)
1122 3074 1367 3124 centum
1392 3074 1453 3123 et
1479 3068 1786 3142 sexaginta
1809 3066 2015 3123 millia.
2092 3068 2174 3125 Et
2201 3069 2410 3125 horum
2439 3070 2648 3131 nullus
2673 3088 2768 3127 ar

556 3156 680 3206 tem
706 3148 891 3204 ullam
916 3145 1270 3204 sellularium
1302 3154 1405 3202 aut
1440 3146 1746 3220 opificium
1773 3145 2011 3203 didicit:
2057 3147 2144 3203 rei
2183 3147 2425 3217 militari
2458 3148 2638 3206 unice
2661 3168 2768 3209 nar

558 3236 716 3285 cant.
830 3262 840 3273 -

641 3312 665 3361 1
678 3308 777 3361 66.
816 3303 1169 3361 Calasirium
1224 3304 1389 3359 nomi
1448 3301 1545 3359 hi:
1599 3303 1942 3371 Thebanus,
2004 3304 2365 3373 Bubastites,
2425 3304 2768 3401 Aphthitea,

542 3384 818 3451 Tanites,
845 3382 1205 3448 Mendesius,
1232 3382 1616 3455 SebennyteS,
1643 3346 2001 3458 Athribytes,
2029 3384 2476 3450 Pharbaethites,
2507 3385 2768 3443 Thmui

542 3471 667 3529 ·‚tes
696 3461 1056 3536 Onuphites,
1086 3462 1362 3535 Annius,
1389 3461 1846 3535 Myecphorites,
1875 3463 1978 3557 qui
2013 3480 2224 3519 nemus
2249 3464 2312 3519 in
2339 3464 2536 3521 insula
2559 3462 2674 3532 αι’,
2699 3482 2773 3523 ex

556 3542 801 3599 adverso
842 3539 1119 3597 Bubastis
1150 3540 1370 3613 oppidi.
1450 3539 1538 3596 Hi
1569 3548 1712 3597 sunt
1741 3542 1910 3599 nomi
1931 3542 2319 3608 Galasirium·
2303 3584 2321 3613 ,
2364 3558 2626 3616 qnorum
2659 3560 2770 3600 nus-

546 3639 776 3688 merus‚
805 3619 1041 3694 quando
1082 3619 1396 3686 maximus,
1425 3618 1812 3676 ducentorum
1852 3620 2280 3695 quinquaginta
2318 3620 2580 3678 millium
2609 3624 2768 3679 viro-

554 3718 690 3757 rum
718 3707 825 3756 est.
865 3699 1075 3772 Neque
1098 3698 1257 3755 hisce
1278 3697 1419 3753 licet
1442 3698 1741 3771 opificium
1769 3699 1962 3755 ullum
1987 3707 2246 3756 artemve
2267 3714 2554 3767 exemere,
2575 3703 2771 3759 solam

552 3796 677 3837 rem
708 3775 1025 3835 militarem
1048 3785 1341 3842 exercent,
1368 3794 1515 3851 puer
1541 3796 1576 3832 a
1605 3785 1769 3850 patre
1793 3778 2117 3835 institutus.

536 3898 549 3909 -.
639 3862 771 3915 167.
811 3857 901 3913 Αιι
954 3852 1139 3943 igitur
1177 3856 1357 3911 etiam
1406 3856 1520 3912 hoc
1565 3855 1640 3912 ab
1685 3856 1984 3932 AEgyptiis
2031 3858 2224 3916 Graeci
2263 3859 2620 3933 acceperint,
2647 3876 2768 3916 non.

538 3954 798 4013 ,possum
832 3935 1059 4009 liquido
1090 3931 1391 4004 judicare3
1436 3951 1624 4006 quum
1648 3940 1712 3991 et
1729 3936 1994 3991 Thracas
2021 3944 2082 3991 et
2117 3937 2363 4009 Scythas
2386 3945 2450 3994 et
2469 3938 2684 3995 Persas
2707 3946 2768 3993 et

552 4016 754 4091 Lydos
788 4021 849 4071 et
878 4030 1081 4069 omnes
1122 4013 1244 4069 fere
1277 4011 1557 4069 barbaros
1597 4013 1846 4087 populos
1871 4014 2102 4070 videam
2145 4016 2375 4071 minore
2413 4015 2478 4072 in
2513 4018 2764 4087 honore,

554 4112 736 4169 quam
772 4093 920 4149 alios
956 4092 1135 4159 cives,
1164 4090 1381 4147 habere
1420 4092 1530 4157 hos
1557 4093 1657 4165 qui
1699 4100 1854 4150 artes
1879 4102 1940 4150 et
1960 4093 2196 4168 opificia
2233 4094 2486 4161 discunt,
2515 4096 2764 4153 horum-

532 4189 671 4248 ·que
710 4178 1035 4249 posteros3
1056 4188 1157 4229 eos
1172 4188 1343 4238 »vero
1368 4171 1478 4245 qui
1511 4171 1810 4246 opificium
1857 4172 2090 4231 nullum
2123 4180 2423 4245 exercent,
2447 4190 2764 4251 generosos
