<?xml version="1.0" encoding="UTF-8"?>
<!DOCTYPE html PUBLIC "-//W3C//DTD XHTML 1.0 Transitional//EN"
    "http://www.w3.org/TR/xhtml1/DTD/xhtml1-transitional.dtd">
<html xmlns="http://www.w3.org/1999/xhtml" xml:lang="en" lang="en">
 <head>
  <title>
</title>
<meta http-equiv="Content-Type" content="text/html;charset=utf-8" />
  <meta name='ocr-system' content='tesseract 3.04.00' />
  <meta name='ocr-capabilities' content='ocr_page ocr_carea ocr_par ocr_line ocrx_word'/>
</head>
<body>
  <div class='ocr_page' id='page_1' title='image "./herodotihistori00schagoog_0031.png"; bbox 0 0 2925 4992; ppageno 0'>
   <div class='ocr_carea' id='block_1_1' title="bbox 1147 319 2397 395">
    <p class='ocr_par' dir='ltr' id='par_1_1' title="bbox 1147 319 2397 395">
     <span class='ocr_line' id='line_1_1' title="bbox 1147 319 2397 395; baseline 0.002 -3"><span class='ocrx_word' id='word_1_1' title='bbox 1147 327 1439 394; x_wconf 64' lang='lat'><strong>01210.</strong></span> <span class='ocrx_word' id='word_1_2' title='bbox 1650 319 1657 326; x_wconf 62' lang='grc'><strong><em>’</em></strong></span> <span class='ocrx_word' id='word_1_3' title='bbox 2312 333 2397 395; x_wconf 71' lang='grc'><strong>98</strong></span> 
     </span>
    </p>
   </div>
   <div class='ocr_carea' id='block_1_2' title="bbox 139 486 2403 3869">
    <p class='ocr_par' dir='ltr' id='par_1_2' title="bbox 169 486 2403 2123">
     <span class='ocr_line' id='line_1_2' title="bbox 179 486 2403 568; baseline 0.001 -20"><span class='ocrx_word' id='word_1_4' title='bbox 179 505 386 567; x_wconf 81' lang='lat' dir='ltr'><strong>capere</strong></span> <span class='ocrx_word' id='word_1_5' title='bbox 427 488 506 547; x_wconf 83' lang='lat' dir='ltr'><strong>de</strong></span> <span class='ocrx_word' id='word_1_6' title='bbox 551 489 712 566; x_wconf 78' lang='lat' dir='ltr'><strong>Cyro</strong></span> <span class='ocrx_word' id='word_1_7' title='bbox 733 489 914 547; x_wconf 80' lang='lat' dir='ltr'><strong>vellet</strong></span> <span class='ocrx_word' id='word_1_8' title='bbox 938 487 1212 567; x_wconf 80' lang='lat' dir='ltr'><strong>Astyagis</strong></span> <span class='ocrx_word' id='word_1_9' title='bbox 1237 501 1462 550; x_wconf 84' lang='lat' dir='ltr'><strong>caussa.</strong></span> <span class='ocrx_word' id='word_1_10' title='bbox 1538 489 1861 568; x_wconf 73' lang='lat' dir='ltr'><strong>Astyagem</strong></span> <span class='ocrx_word' id='word_1_11' title='bbox 1898 486 2081 556; x_wconf 81' lang='lat' dir='ltr'><strong>enirn.</strong></span> <span class='ocrx_word' id='word_1_12' title='bbox 2118 487 2403 567; x_wconf 71' lang='lat' dir='ltr'><strong>cyani-is</strong></span> 
     </span>
     <span class='ocr_line' id='line_1_3' title="bbox 178 567 2401 647; baseline 0.002 -21"><span class='ocrx_word' id='word_1_13' title='bbox 178 571 392 638; x_wconf 82' lang='lat' dir='ltr'><strong>fllium,</strong></span> <span class='ocrx_word' id='word_1_14' title='bbox 423 569 614 626; x_wconf 73' lang='lat' dir='ltr'><strong>Croeai</strong></span> <span class='ocrx_word' id='word_1_15' title='bbox 641 568 924 635; x_wconf 84' lang='lat' dir='ltr'><strong>adfinem,</strong></span> <span class='ocrx_word' id='word_1_16' title='bbox 951 567 1168 626; x_wconf 71' lang='lat' dir='ltr'><strong>Mediae</strong></span> <span class='ocrx_word' id='word_1_17' title='bbox 1205 587 1433 646; x_wconf 86' lang='lat' dir='ltr'><strong>regem,</strong></span> <span class='ocrx_word' id='word_1_18' title='bbox 1465 569 1655 647; x_wconf 82' lang='lat' dir='ltr'><strong>Cyrus</strong></span> <span class='ocrx_word' id='word_1_19' title='bbox 1694 569 2003 646; x_wconf 74' lang='lat' dir='ltr'><strong>cambysis</strong></span> <span class='ocrx_word' id='word_1_20' title='bbox 2042 571 2199 628; x_wconf 83' lang='lat' dir='ltr'><strong>filius</strong></span> <span class='ocrx_word' id='word_1_21' title='bbox 2238 571 2401 630; x_wconf 81' lang='lat' dir='ltr'><strong>bello</strong></span> 
     </span>
     <span class='ocr_line' id='line_1_4' title="bbox 175 647 2397 742; baseline 0.001 -36"><span class='ocrx_word' id='word_1_22' title='bbox 175 650 401 706; x_wconf 74' lang='lat' dir='ltr'><strong>vietum</strong></span> <span class='ocrx_word' id='word_1_23' title='bbox 456 653 822 742; x_wconf 73' lang='lat' dir='ltr'><strong>eapmmque</strong></span> <span class='ocrx_word' id='word_1_24' title='bbox 874 647 1130 704; x_wconf 83' lang='lat' dir='ltr'><strong>tenebat.</strong></span> <span class='ocrx_word' id='word_1_25' title='bbox 1237 649 1466 706; x_wconf 81' lang='lat' dir='ltr'><strong>Adflnis</strong></span> <span class='ocrx_word' id='word_1_26' title='bbox 1522 659 1725 706; x_wconf 88' lang='lat' dir='ltr'><strong>autem</strong></span> <span class='ocrx_word' id='word_1_27' title='bbox 1785 649 1975 706; x_wconf 89' lang='lat' dir='ltr'><strong>Croesi</strong></span> <span class='ocrx_word' id='word_1_28' title='bbox 2022 648 2218 706; x_wconf 85' lang='lat' dir='ltr'><strong>factus</strong></span> <span class='ocrx_word' id='word_1_29' title='bbox 2270 659 2397 708; x_wconf 80' lang='lat' dir='ltr'><strong>erat</strong></span> 
     </span>
     <span class='ocr_line' id='line_1_5' title="bbox 175 722 2393 803; baseline 0.001 -19"><span class='ocrx_word' id='word_1_30' title='bbox 175 727 462 803; x_wconf 68' lang='lat' dir='ltr'><strong>Astyages</strong></span> <span class='ocrx_word' id='word_1_31' title='bbox 491 727 605 783; x_wconf 84' lang='lat' dir='ltr'><strong>hac</strong></span> <span class='ocrx_word' id='word_1_32' title='bbox 632 729 884 783; x_wconf 84' lang='lat' dir='ltr'><strong>ratione.</strong></span> <span class='ocrx_word' id='word_1_33' title='bbox 962 722 1311 800; x_wconf 76' lang='lat' dir='ltr'><strong>Scytharum</strong></span> <span class='ocrx_word' id='word_1_34' title='bbox 1332 728 1655 784; x_wconf 85' lang='lat' dir='ltr'><strong>nomadum</strong></span> <span class='ocrx_word' id='word_1_35' title='bbox 1682 737 1878 786; x_wconf 84' lang='lat' dir='ltr'><strong>turma</strong></span> <span class='ocrx_word' id='word_1_36' title='bbox 1910 743 2015 802; x_wconf 90' lang='lat' dir='ltr'><strong>per</strong></span> <span class='ocrx_word' id='word_1_37' title='bbox 2038 729 2393 786; x_wconf 77' lang='lat' dir='ltr'><strong>seditionem</strong></span> 
     </span>
     <span class='ocr_line' id='line_1_6' title="bbox 177 804 2395 884; baseline 0.001 -22"><span class='ocrx_word' id='word_1_38' title='bbox 177 807 241 863; x_wconf 89' lang='lat' dir='ltr'><strong>in</strong></span> <span class='ocrx_word' id='word_1_39' title='bbox 268 814 492 862; x_wconf 85' lang='lat' dir='ltr'><strong>terram</strong></span> <span class='ocrx_word' id='word_1_40' title='bbox 515 804 818 862; x_wconf 80' lang='lat' dir='ltr'>Medicam</span> <span class='ocrx_word' id='word_1_41' title='bbox 861 812 1196 874; x_wconf 84' lang='lat' dir='ltr'><strong>secesserat,</strong></span> <span class='ocrx_word' id='word_1_42' title='bbox 1225 823 1344 881; x_wconf 84' lang='lat' dir='ltr'><strong>quo</strong></span> <span class='ocrx_word' id='word_1_43' title='bbox 1371 813 1637 881; x_wconf 89' lang='lat' dir='ltr'><strong>tempore</strong></span> <span class='ocrx_word' id='word_1_44' title='bbox 1681 806 1876 864; x_wconf 86' lang='lat' dir='ltr'><strong>Medis</strong></span> <span class='ocrx_word' id='word_1_45' title='bbox 1920 807 2247 880; x_wconf 72' lang='lat' dir='ltr'>imperabat</span> <span class='ocrx_word' id='word_1_46' title='bbox 2274 809 2395 884; x_wconf 89' lang='lat' dir='ltr'><strong>Cy-</strong></span> 
     </span>
     <span class='ocr_line' id='line_1_7' title="bbox 177 847 2393 962; baseline 0 -20"><span class='ocrx_word' id='word_1_47' title='bbox 177 903 396 955; x_wconf 64' lang='lat' dir='ltr'><strong>axares,</strong></span> <span class='ocrx_word' id='word_1_48' title='bbox 433 883 740 940; x_wconf 77' lang='lat' dir='ltr'><strong>Pbraortae</strong></span> <span class='ocrx_word' id='word_1_49' title='bbox 771 883 950 948; x_wconf 86' lang='lat' dir='ltr'><strong>filius,</strong></span> <span class='ocrx_word' id='word_1_50' title='bbox 987 847 1226 941; x_wconf 83' lang='lat' dir='ltr'><strong>Deiocis</strong></span> <span class='ocrx_word' id='word_1_51' title='bbox 1255 903 1458 959; x_wconf 91' lang='lat' dir='ltr'><strong>nepos,</strong></span> <span class='ocrx_word' id='word_1_52' title='bbox 1488 886 1593 960; x_wconf 90' lang='lat' dir='ltr'><strong>qui</strong></span> <span class='ocrx_word' id='word_1_53' title='bbox 1639 885 1883 959; x_wconf 81' lang='lat' dir='ltr'><strong>Scythas</strong></span> <span class='ocrx_word' id='word_1_54' title='bbox 1916 887 2086 950; x_wconf 85' lang='lat' dir='ltr'><strong>istos,</strong></span> <span class='ocrx_word' id='word_1_55' title='bbox 2128 895 2200 942; x_wconf 84' lang='lat' dir='ltr'><strong>ut</strong></span> <span class='ocrx_word' id='word_1_56' title='bbox 2248 903 2393 962; x_wconf 82' lang='lat' dir='ltr'><strong>sup-</strong></span> 
     </span>
     <span class='ocr_line' id='line_1_8' title="bbox 177 957 2397 1052; baseline 0 -32"><span class='ocrx_word' id='word_1_57' title='bbox 177 963 355 1038; x_wconf 61' lang='lat' dir='ltr'><strong>plica</strong></span> <span class='ocrx_word' id='word_1_58' title='bbox 399 961 803 1032; x_wconf 75' lang='lat' dir='ltr'><strong>adveniente5‚</strong></span> <span class='ocrx_word' id='word_1_59' title='bbox 847 957 1102 1036; x_wconf 87' lang='lat' dir='ltr'><strong>benigne</strong></span> <span class='ocrx_word' id='word_1_60' title='bbox 1141 970 1477 1052; x_wconf 86' lang='lat' dir='ltr'><strong>exceperat.</strong></span> <span class='ocrx_word' id='word_1_61' title='bbox 1570 963 1761 1030; x_wconf 89' lang='lat' dir='ltr'>Idem,</span> <span class='ocrx_word' id='word_1_62' title='bbox 1804 981 1992 1038; x_wconf 89' lang='lat' dir='ltr'><strong>quum</strong></span> <span class='ocrx_word' id='word_1_63' title='bbox 2040 981 2141 1020; x_wconf 84' lang='lat' dir='ltr'><strong>eos</strong></span> <span class='ocrx_word' id='word_1_64' title='bbox 2193 967 2397 1042; x_wconf 88' lang='lat' dir='ltr'><strong>magni</strong></span> 
     </span>
     <span class='ocr_line' id='line_1_9' title="bbox 177 1037 2395 1119; baseline 0.002 -21"><span class='ocrx_word' id='word_1_65' title='bbox 177 1043 425 1108; x_wconf 82' lang='lat' dir='ltr'><strong>faceret,</strong></span> <span class='ocrx_word' id='word_1_66' title='bbox 454 1057 672 1115; x_wconf 82' lang='lat' dir='ltr'><strong>pueros</strong></span> <span class='ocrx_word' id='word_1_67' title='bbox 699 1040 920 1096; x_wconf 84' lang='lat' dir='ltr'><strong>eisdem</strong></span> <span class='ocrx_word' id='word_1_68' title='bbox 949 1037 1207 1109; x_wconf 81' lang='lat' dir='ltr'>tradidit,</span> <span class='ocrx_word' id='word_1_69' title='bbox 1231 1041 1336 1116; x_wconf 88' lang='lat' dir='ltr'><strong>qui</strong></span> <span class='ocrx_word' id='word_1_70' title='bbox 1361 1051 1421 1098; x_wconf 88' lang='lat' dir='ltr'><strong>et</strong></span> <span class='ocrx_word' id='word_1_71' title='bbox 1443 1042 1718 1118; x_wconf 81' lang='lat' dir='ltr'><strong>linguam</strong></span> <span class='ocrx_word' id='word_1_72' title='bbox 1759 1059 1962 1099; x_wconf 89' lang='lat' dir='ltr'><strong>eorum</strong></span> <span class='ocrx_word' id='word_1_73' title='bbox 1988 1050 2048 1098; x_wconf 84' lang='lat' dir='ltr'><strong>et</strong></span> <span class='ocrx_word' id='word_1_74' title='bbox 2074 1044 2395 1119; x_wconf 82' lang='lat' dir='ltr'><strong>sagittandi</strong></span> 
     </span>
     <span class='ocr_line' id='line_1_10' title="bbox 181 1114 2399 1198; baseline 0.001 -20"><span class='ocrx_word' id='word_1_75' title='bbox 181 1129 369 1178; x_wconf 81' lang='lat' dir='ltr'><strong>artem</strong></span> <span class='ocrx_word' id='word_1_76' title='bbox 425 1119 814 1176; x_wconf 75' lang='lat' dir='ltr'>addiscerent.</span> <span class='ocrx_word' id='word_1_77' title='bbox 900 1114 1222 1189; x_wconf 65' lang='lat' dir='ltr'><strong>Interiectu</strong></span> <span class='ocrx_word' id='word_1_78' title='bbox 1264 1129 1548 1194; x_wconf 85' lang='lat' dir='ltr'><strong>tempore,</strong></span> <span class='ocrx_word' id='word_1_79' title='bbox 1596 1137 1782 1195; x_wconf 81' lang='lat' dir='ltr'><strong>quum</strong></span> <span class='ocrx_word' id='word_1_80' title='bbox 1834 1129 2111 1178; x_wconf 81' lang='lat' dir='ltr'><strong>venatum</strong></span> <span class='ocrx_word' id='word_1_81' title='bbox 2162 1139 2399 1198; x_wconf 87' lang='lat' dir='ltr'><strong>semper</strong></span> 
     </span>
     <span class='ocr_line' id='line_1_11' title="bbox 178 1197 2397 1275; baseline 0 -19"><span class='ocrx_word' id='word_1_82' title='bbox 178 1200 408 1256; x_wconf 84' lang='lat' dir='ltr'><strong>exirent</strong></span> <span class='ocrx_word' id='word_1_83' title='bbox 433 1199 690 1270; x_wconf 78' lang='lat' dir='ltr'><strong>Scythas,</strong></span> <span class='ocrx_word' id='word_1_84' title='bbox 707 1206 767 1253; x_wconf 88' lang='lat' dir='ltr'><strong>et</strong></span> <span class='ocrx_word' id='word_1_85' title='bbox 791 1213 1116 1270; x_wconf 87' lang='lat' dir='ltr'><strong>numquam</strong></span> <span class='ocrx_word' id='word_1_86' title='bbox 1146 1215 1264 1255; x_wconf 85' lang='lat' dir='ltr'><strong>non</strong></span> <span class='ocrx_word' id='word_1_87' title='bbox 1287 1199 1508 1272; x_wconf 85' lang='lat' dir='ltr'><strong>aliquid</strong></span> <span class='ocrx_word' id='word_1_88' title='bbox 1547 1199 1859 1266; x_wconf 77' lang='lat' dir='ltr'><strong>adferrent,</strong></span> <span class='ocrx_word' id='word_1_89' title='bbox 1883 1197 2094 1256; x_wconf 83' lang='lat' dir='ltr'><strong>accidit</strong></span> <span class='ocrx_word' id='word_1_90' title='bbox 2129 1201 2397 1275; x_wconf 85' lang='lat' dir='ltr'><strong>aliquan-</strong></span> 
     </span>
     <span class='ocr_line' id='line_1_12' title="bbox 175 1276 2399 1368; baseline 0.001 -34"><span class='ocrx_word' id='word_1_91' title='bbox 175 1278 254 1334; x_wconf 89' lang='lat' dir='ltr'><strong>do</strong></span> <span class='ocrx_word' id='word_1_92' title='bbox 295 1286 369 1335; x_wconf 84' lang='lat' dir='ltr'><strong>ut</strong></span> <span class='ocrx_word' id='word_1_93' title='bbox 399 1276 553 1333; x_wconf 88' lang='lat' dir='ltr'><strong>nihil</strong></span> <span class='ocrx_word' id='word_1_94' title='bbox 579 1284 889 1350; x_wconf 84' lang='lat' dir='ltr'><strong>caperent:</strong></span> <span class='ocrx_word' id='word_1_95' title='bbox 931 1291 1078 1368; x_wconf 72' lang='lat' dir='ltr'><strong>quos</strong></span> <span class='ocrx_word' id='word_1_96' title='bbox 1120 1278 1319 1334; x_wconf 86' lang='lat' dir='ltr'><strong>vacuis</strong></span> <span class='ocrx_word' id='word_1_97' title='bbox 1363 1277 1641 1334; x_wconf 84' lang='lat' dir='ltr'><strong>manibus</strong></span> <span class='ocrx_word' id='word_1_98' title='bbox 1680 1291 1938 1334; x_wconf 80' lang='lat' dir='ltr'><strong>reversos</strong></span> <span class='ocrx_word' id='word_1_99' title='bbox 1966 1277 2276 1352; x_wconf 80' lang='lat' dir='ltr'><strong>cyaxares,</strong></span> <span class='ocrx_word' id='word_1_100' title='bbox 2304 1281 2399 1338; x_wconf 81' lang='lat' dir='ltr'><strong>vir</strong></span> 
     </span>
     <span class='ocr_line' id='line_1_13' title="bbox 177 1347 2391 1430; baseline 0.001 -17"><span class='ocrx_word' id='word_1_101' title='bbox 177 1357 276 1430; x_wconf 89' lang='lat' dir='ltr'><strong>(ut</strong></span> <span class='ocrx_word' id='word_1_102' title='bbox 329 1363 466 1412; x_wconf 90' lang='lat' dir='ltr'><strong>tum</strong></span> <span class='ocrx_word' id='word_1_103' title='bbox 517 1354 806 1420; x_wconf 76' lang='lat' dir='ltr'><strong>ostendit)</strong></span> <span class='ocrx_word' id='word_1_104' title='bbox 858 1355 960 1410; x_wconf 83' lang='lat' dir='ltr'><strong>iroe</strong></span> <span class='ocrx_word' id='word_1_105' title='bbox 1005 1355 1218 1428; x_wconf 76' lang='grc' dir='ltr'><strong>ἰιιιροε,</strong></span> <span class='ocrx_word' id='word_1_106' title='bbox 1258 1373 1460 1430; x_wconf 85' lang='lat' dir='ltr'><strong>aspere</strong></span> <span class='ocrx_word' id='word_1_107' title='bbox 1500 1355 1820 1412; x_wconf 85' lang='lat' dir='ltr'><strong>admodum</strong></span> <span class='ocrx_word' id='word_1_108' title='bbox 1854 1365 1916 1413; x_wconf 91' lang='lat' dir='ltr'><strong>et</strong></span> <span class='ocrx_word' id='word_1_109' title='bbox 1964 1347 2391 1416; x_wconf 82' lang='lat' dir='ltr'><strong>contumeliose</strong></span> 
     </span>
     <span class='ocr_line' id='line_1_14' title="bbox 177 1433 2397 1510; baseline 0.001 -18"><span class='ocrx_word' id='word_1_110' title='bbox 177 1435 425 1510; x_wconf 87' lang='lat' dir='ltr'><strong>accepit.</strong></span> <span class='ocrx_word' id='word_1_111' title='bbox 505 1433 667 1490; x_wconf 84' lang='lat' dir='ltr'><strong>Tum</strong></span> <span class='ocrx_word' id='word_1_112' title='bbox 709 1433 817 1498; x_wconf 90' lang='lat' dir='ltr'><strong>illi,</strong></span> <span class='ocrx_word' id='word_1_113' title='bbox 847 1433 1112 1509; x_wconf 80' lang='lat' dir='ltr'><strong>indigne</strong></span> <span class='ocrx_word' id='word_1_114' title='bbox 1135 1451 1336 1490; x_wconf 85' lang='lat' dir='ltr'><strong>secum</strong></span> <span class='ocrx_word' id='word_1_115' title='bbox 1383 1442 1583 1490; x_wconf 84' lang='lat' dir='ltr'><strong>actum</strong></span> <span class='ocrx_word' id='word_1_116' title='bbox 1622 1436 1929 1510; x_wconf 76' lang='lat' dir='ltr'><strong>aegerrime</strong></span> <span class='ocrx_word' id='word_1_117' title='bbox 1952 1435 2225 1505; x_wconf 71' lang='lat' dir='ltr'><strong>ferentes,</strong></span> <span class='ocrx_word' id='word_1_118' title='bbox 2254 1455 2397 1494; x_wconf 86' lang='lat' dir='ltr'><strong>con-</strong></span> 
     </span>
     <span class='ocr_line' id='line_1_15' title="bbox 173 1511 2397 1588; baseline 0 -17"><span class='ocrx_word' id='word_1_119' title='bbox 173 1514 308 1572; x_wconf 83' lang='lat' dir='ltr'><strong>silio</strong></span> <span class='ocrx_word' id='word_1_120' title='bbox 333 1511 546 1570; x_wconf 85' lang='lat' dir='ltr'><strong>habito</strong></span> <span class='ocrx_word' id='word_1_121' title='bbox 570 1512 956 1569; x_wconf 83' lang='lat' dir='ltr'><strong>decreverunt</strong></span> <span class='ocrx_word' id='word_1_122' title='bbox 989 1529 1179 1568; x_wconf 88' lang='lat' dir='ltr'><strong>unum</strong></span> <span class='ocrx_word' id='word_1_123' title='bbox 1204 1530 1279 1568; x_wconf 80' lang='lat' dir='ltr'><strong>ex</strong></span> <span class='ocrx_word' id='word_1_124' title='bbox 1303 1513 1387 1568; x_wconf 89' lang='lat' dir='ltr'><strong>eis</strong></span> <span class='ocrx_word' id='word_1_125' title='bbox 1415 1514 1636 1586; x_wconf 87' lang='lat' dir='ltr'><strong>pueris,</strong></span> <span class='ocrx_word' id='word_1_126' title='bbox 1664 1513 1767 1587; x_wconf 89' lang='lat' dir='ltr'><strong>qui</strong></span> <span class='ocrx_word' id='word_1_127' title='bbox 1814 1513 1875 1570; x_wconf 87' lang='lat' dir='ltr'><strong>in</strong></span> <span class='ocrx_word' id='word_1_128' title='bbox 1920 1513 2181 1588; x_wconf 87' lang='lat' dir='ltr'><strong>ipsorum</strong></span> <span class='ocrx_word' id='word_1_129' title='bbox 2222 1516 2397 1572; x_wconf 84' lang='lat' dir='ltr'><strong>disci-</strong></span> 
     </span>
     <span class='ocr_line' id='line_1_16' title="bbox 174 1575 2394 1668; baseline 0.002 -20"><span class='ocrx_word' id='word_1_130' title='bbox 174 1593 400 1668; x_wconf 88' lang='lat' dir='ltr'><strong>plinam</strong></span> <span class='ocrx_word' id='word_1_131' title='bbox 447 1591 574 1647; x_wconf 91' lang='lat' dir='ltr'><strong>dati</strong></span> <span class='ocrx_word' id='word_1_132' title='bbox 617 1598 831 1656; x_wconf 79' lang='lat' dir='ltr'><strong>essent,</strong></span> <span class='ocrx_word' id='word_1_133' title='bbox 858 1590 920 1646; x_wconf 92' lang='lat' dir='ltr'><strong>in</strong></span> <span class='ocrx_word' id='word_1_134' title='bbox 969 1575 1158 1646; x_wconf 79' lang='lat' dir='ltr'><strong>frusta</strong></span> <span class='ocrx_word' id='word_1_135' title='bbox 1181 1587 1507 1659; x_wconf 76' lang='lat' dir='ltr'><strong>concidere,</strong></span> <span class='ocrx_word' id='word_1_136' title='bbox 1548 1599 1609 1648; x_wconf 88' lang='lat' dir='ltr'><strong>et</strong></span> <span class='ocrx_word' id='word_1_137' title='bbox 1646 1592 1853 1648; x_wconf 83' lang='lat' dir='ltr'><strong>eodem</strong></span> <span class='ocrx_word' id='word_1_138' title='bbox 1896 1591 2075 1648; x_wconf 88' lang='lat' dir='ltr'><strong>modo</strong></span> <span class='ocrx_word' id='word_1_139' title='bbox 2120 1601 2394 1666; x_wconf 85' lang='lat' dir='ltr'><strong>paratum</strong></span> 
     </span>
     <span class='ocr_line' id='line_1_17' title="bbox 175 1667 2401 1746; baseline 0.001 -18"><span class='ocrx_word' id='word_1_140' title='bbox 175 1689 296 1746; x_wconf 90' lang='lat' dir='ltr'><strong>quo</strong></span> <span class='ocrx_word' id='word_1_141' title='bbox 325 1671 584 1728; x_wconf 77' lang='lat' dir='ltr'><strong>ferinam</strong></span> <span class='ocrx_word' id='word_1_142' title='bbox 624 1685 826 1744; x_wconf 85' lang='lat' dir='ltr'><strong>parare</strong></span> <span class='ocrx_word' id='word_1_143' title='bbox 866 1669 1330 1736; x_wconf 81' lang='lat' dir='ltr'><strong>consuevissent,</strong></span> <span class='ocrx_word' id='word_1_144' title='bbox 1359 1667 1609 1743; x_wconf 85' lang='lat' dir='ltr'><strong>Cyaxari</strong></span> <span class='ocrx_word' id='word_1_145' title='bbox 1658 1677 1962 1744; x_wconf 83' lang='lat' dir='ltr'><strong>tamquam</strong></span> <span class='ocrx_word' id='word_1_146' title='bbox 2012 1669 2200 1728; x_wconf 84' lang='lat' dir='ltr'><strong>feram</strong></span> <span class='ocrx_word' id='word_1_147' title='bbox 2246 1690 2285 1728; x_wconf 88' lang='lat' dir='ltr'><strong>a</strong></span> <span class='ocrx_word' id='word_1_148' title='bbox 2332 1691 2401 1731; x_wconf 80' lang='lat' dir='ltr'><strong>se</strong></span> 
     </span>
     <span class='ocr_line' id='line_1_18' title="bbox 171 1744 2393 1824; baseline 0 -16"><span class='ocrx_word' id='word_1_149' title='bbox 171 1756 416 1824; x_wconf 66' lang='lat' dir='ltr'><strong>captam</strong></span> <span class='ocrx_word' id='word_1_150' title='bbox 461 1748 711 1814; x_wconf 83' lang='lat' dir='ltr'><strong>adferre,</strong></span> <span class='ocrx_word' id='word_1_151' title='bbox 758 1748 1144 1821; x_wconf 83' lang='lat' dir='ltr'><strong>protinusque</strong></span> <span class='ocrx_word' id='word_1_152' title='bbox 1192 1747 1330 1803; x_wconf 88' lang='lat' dir='ltr'><strong>inde</strong></span> <span class='ocrx_word' id='word_1_153' title='bbox 1377 1748 1450 1803; x_wconf 85' lang='lat' dir='ltr'><strong>ad</strong></span> <span class='ocrx_word' id='word_1_154' title='bbox 1500 1747 1799 1820; x_wconf 84' lang='lat' dir='ltr'><strong>Alyatten,</strong></span> <span class='ocrx_word' id='word_1_155' title='bbox 1848 1744 2138 1822; x_wconf 83' lang='lat' dir='ltr'><strong>Sadyattis</strong></span> <span class='ocrx_word' id='word_1_156' title='bbox 2178 1749 2393 1818; x_wconf 87' lang='lat' dir='ltr'><strong>fllium,</strong></span> 
     </span>
     <span class='ocr_line' id='line_1_19' title="bbox 173 1825 2395 1900; baseline 0.002 -16"><span class='ocrx_word' id='word_1_157' title='bbox 173 1827 385 1886; x_wconf 83' lang='lat' dir='ltr'><strong>Sardes</strong></span> <span class='ocrx_word' id='word_1_158' title='bbox 410 1845 540 1884; x_wconf 84' lang='lat' dir='ltr'><strong>sese</strong></span> <span class='ocrx_word' id='word_1_159' title='bbox 565 1827 840 1900; x_wconf 87' lang='lat' dir='ltr'><strong>recipere.</strong></span> <span class='ocrx_word' id='word_1_160' title='bbox 921 1827 1111 1900; x_wconf 84' lang='lat' dir='ltr'><strong>Atque</strong></span> <span class='ocrx_word' id='word_1_161' title='bbox 1137 1826 1221 1882; x_wconf 87' lang='lat' dir='ltr'><strong>ita</strong></span> <span class='ocrx_word' id='word_1_162' title='bbox 1245 1825 1449 1894; x_wconf 87' lang='lat' dir='ltr'><strong>etiam,</strong></span> <span class='ocrx_word' id='word_1_163' title='bbox 1478 1834 1547 1883; x_wconf 86' lang='lat' dir='ltr'><strong>ut</strong></span> <span class='ocrx_word' id='word_1_164' title='bbox 1570 1825 1661 1882; x_wconf 90' lang='lat' dir='ltr'><strong>illi</strong></span> <span class='ocrx_word' id='word_1_165' title='bbox 1686 1826 2077 1894; x_wconf 81' lang='lat' dir='ltr'><strong>decreverant,</strong></span> <span class='ocrx_word' id='word_1_166' title='bbox 2105 1827 2265 1885; x_wconf 78' lang='lat' dir='ltr'><strong>facta</strong></span> <span class='ocrx_word' id='word_1_167' title='bbox 2302 1847 2395 1888; x_wconf 77' lang='lat' dir='ltr'><strong>res</strong></span> 
     </span>
     <span class='ocr_line' id='line_1_20' title="bbox 169 1905 2399 1981; baseline 0.001 -16"><span class='ocrx_word' id='word_1_168' title='bbox 169 1915 277 1965; x_wconf 71' lang='lat' dir='ltr'><strong>oet.</strong></span> <span class='ocrx_word' id='word_1_169' title='bbox 361 1907 527 1964; x_wconf 87' lang='lat' dir='ltr'><strong>Nam</strong></span> <span class='ocrx_word' id='word_1_170' title='bbox 555 1917 616 1961; x_wconf 85' lang='lat' dir='ltr'><strong>et</strong></span> <span class='ocrx_word' id='word_1_171' title='bbox 643 1906 956 1981; x_wconf 81' lang='lat' dir='ltr'><strong>cyaxares,</strong></span> <span class='ocrx_word' id='word_1_172' title='bbox 984 1913 1046 1962; x_wconf 92' lang='lat' dir='ltr'><strong>et</strong></span> <span class='ocrx_word' id='word_1_173' title='bbox 1092 1905 1194 1980; x_wconf 86' lang='lat' dir='ltr'><strong>qui</strong></span> <span class='ocrx_word' id='word_1_174' title='bbox 1225 1921 1366 1962; x_wconf 88' lang='lat' dir='ltr'><strong>cum</strong></span> <span class='ocrx_word' id='word_1_175' title='bbox 1391 1923 1466 1961; x_wconf 90' lang='lat' dir='ltr'><strong>eo</strong></span> <span class='ocrx_word' id='word_1_176' title='bbox 1500 1913 1669 1963; x_wconf 81' lang='lat' dir='ltr'><strong>erant</strong></span> <span class='ocrx_word' id='word_1_177' title='bbox 1694 1905 1979 1971; x_wconf 72' lang='lat' dir='ltr'><strong>convivae,</strong></span> <span class='ocrx_word' id='word_1_178' title='bbox 2008 1923 2215 1964; x_wconf 85' lang='lat' dir='ltr'><strong>carnes</strong></span> <span class='ocrx_word' id='word_1_179' title='bbox 2254 1909 2399 1968; x_wconf 73' lang='lat' dir='ltr'><strong>istas</strong></span> 
     </span>
     <span class='ocr_line' id='line_1_21' title="bbox 171 1983 2394 2064; baseline 0.002 -22"><span class='ocrx_word' id='word_1_180' title='bbox 171 1993 540 2064; x_wconf 74' lang='lat' dir='ltr'><strong>gustarunt3</strong></span> <span class='ocrx_word' id='word_1_181' title='bbox 587 1992 648 2041; x_wconf 86' lang='lat' dir='ltr'><strong>et</strong></span> <span class='ocrx_word' id='word_1_182' title='bbox 687 1983 940 2061; x_wconf 83' lang='lat' dir='ltr'><strong>Scythae,</strong></span> <span class='ocrx_word' id='word_1_183' title='bbox 966 1992 1301 2060; x_wconf 77' lang='lat' dir='ltr'><strong>perpetrato</strong></span> <span class='ocrx_word' id='word_1_184' title='bbox 1341 1983 1623 2051; x_wconf 84' lang='lat' dir='ltr'><strong>facinore,</strong></span> <span class='ocrx_word' id='word_1_185' title='bbox 1672 1984 1747 2041; x_wconf 86' lang='lat' dir='ltr'><strong>ad</strong></span> <span class='ocrx_word' id='word_1_186' title='bbox 1781 1985 2058 2058; x_wconf 85' lang='lat' dir='ltr'><strong>Alyatten</strong></span> <span class='ocrx_word' id='word_1_187' title='bbox 2100 1987 2394 2062; x_wconf 85' lang='lat' dir='ltr'><strong>supplices</strong></span> 
     </span>
     <span class='ocr_line' id='line_1_22' title="bbox 171 2073 492 2123; baseline -0.003 -2"><span class='ocrx_word' id='word_1_188' title='bbox 171 2073 492 2123; x_wconf 81' lang='lat' dir='ltr'><strong>venerunt.</strong></span> 
     </span>
    </p>

    <p class='ocr_par' dir='ltr' id='par_1_3' title="bbox 139 2141 2397 3712">
     <span class='ocr_line' id='line_1_23' title="bbox 250 2141 2397 2236; baseline 0.001 -35"><span class='ocrx_word' id='word_1_189' title='bbox 250 2147 354 2202; x_wconf 81' lang='lat'><strong>⁷4.</strong></span> <span class='ocrx_word' id='word_1_190' title='bbox 395 2144 539 2200; x_wconf 83' lang='lat' dir='ltr'><strong>Post</strong></span> <span class='ocrx_word' id='word_1_191' title='bbox 565 2143 711 2208; x_wconf 84' lang='lat' dir='ltr'><strong>haec,</strong></span> <span class='ocrx_word' id='word_1_192' title='bbox 739 2161 924 2236; x_wconf 80' lang='lat' dir='ltr'><strong>quum</strong></span> <span class='ocrx_word' id='word_1_193' title='bbox 949 2143 1213 2220; x_wconf 80' lang='lat' dir='ltr'><strong>Alyattes</strong></span> <span class='ocrx_word' id='word_1_194' title='bbox 1263 2145 1553 2219; x_wconf 82' lang='lat' dir='ltr'><strong>repetenti</strong></span> <span class='ocrx_word' id='word_1_195' title='bbox 1576 2143 1829 2217; x_wconf 84' lang='lat' dir='ltr'><strong>Cyaxari</strong></span> <span class='ocrx_word' id='word_1_196' title='bbox 1875 2141 2121 2218; x_wconf 83' lang='lat' dir='ltr'><strong>Scythas</strong></span> <span class='ocrx_word' id='word_1_197' title='bbox 2162 2145 2397 2204; x_wconf 86' lang='lat' dir='ltr'><strong>tradere</strong></span> 
     </span>
     <span class='ocr_line' id='line_1_24' title="bbox 169 2221 2393 2300; baseline 0.001 -20"><span class='ocrx_word' id='word_1_198' title='bbox 169 2225 387 2290; x_wconf 85' lang='lat' dir='ltr'><strong>nollet,</strong></span> <span class='ocrx_word' id='word_1_199' title='bbox 417 2223 646 2279; x_wconf 87' lang='lat' dir='ltr'><strong>bellum</strong></span> <span class='ocrx_word' id='word_1_200' title='bbox 669 2221 864 2297; x_wconf 87' lang='lat' dir='ltr'><strong>Lydos</strong></span> <span class='ocrx_word' id='word_1_201' title='bbox 892 2223 1047 2279; x_wconf 89' lang='lat' dir='ltr'><strong>inter</strong></span> <span class='ocrx_word' id='word_1_202' title='bbox 1086 2230 1147 2279; x_wconf 92' lang='lat' dir='ltr'><strong>et</strong></span> <span class='ocrx_word' id='word_1_203' title='bbox 1190 2223 1400 2280; x_wconf 86' lang='lat' dir='ltr'><strong>Medos</strong></span> <span class='ocrx_word' id='word_1_204' title='bbox 1443 2233 1683 2300; x_wconf 87' lang='lat' dir='ltr'><strong>gestum</strong></span> <span class='ocrx_word' id='word_1_205' title='bbox 1708 2229 1798 2278; x_wconf 89' lang='lat' dir='ltr'><strong>est</strong></span> <span class='ocrx_word' id='word_1_206' title='bbox 1824 2239 1927 2297; x_wconf 91' lang='lat' dir='ltr'><strong>per</strong></span> <span class='ocrx_word' id='word_1_207' title='bbox 1960 2225 2226 2297; x_wconf 89' lang='lat' dir='ltr'><strong>quinque</strong></span> <span class='ocrx_word' id='word_1_208' title='bbox 2251 2241 2393 2282; x_wconf 87' lang='lat' dir='ltr'><strong>con-</strong></span> 
     </span>
     <span class='ocr_line' id='line_1_25' title="bbox 139 2299 2391 2394; baseline 0.001 -35"><span class='ocrx_word' id='word_1_209' title='bbox 139 2304 375 2359; x_wconf 85' lang='lat' dir='ltr'><strong>·tinuos</strong></span> <span class='ocrx_word' id='word_1_210' title='bbox 401 2317 636 2357; x_wconf 86' lang='lat' dir='ltr'><strong>annos.</strong></span> <span class='ocrx_word' id='word_1_211' title='bbox 685 2319 828 2375; x_wconf 89' lang='lat' dir='ltr'><strong>quo</strong></span> <span class='ocrx_word' id='word_1_212' title='bbox 847 2301 908 2357; x_wconf 79' lang='grc' dir='ltr'><strong>ἰιι</strong></span> <span class='ocrx_word' id='word_1_213' title='bbox 949 2300 1104 2357; x_wconf 89' lang='lat' dir='ltr'><strong>bello</strong></span> <span class='ocrx_word' id='word_1_214' title='bbox 1128 2299 1294 2358; x_wconf 88' lang='lat' dir='ltr'><strong>Medi</strong></span> <span class='ocrx_word' id='word_1_215' title='bbox 1320 2319 1476 2378; x_wconf 74' lang='lat' dir='ltr'><strong>saepe</strong></span> <span class='ocrx_word' id='word_1_216' title='bbox 1518 2302 1591 2358; x_wconf 90' lang='lat' dir='ltr'><strong>de</strong></span> <span class='ocrx_word' id='word_1_217' title='bbox 1619 2300 1818 2394; x_wconf 76' lang='lat' dir='ltr'><strong>Lydis,</strong></span> <span class='ocrx_word' id='word_1_218' title='bbox 1847 2318 2002 2375; x_wconf 82' lang='lat' dir='ltr'><strong>soepe</strong></span> <span class='ocrx_word' id='word_1_219' title='bbox 2045 2319 2186 2358; x_wconf 82' lang='lat' dir='ltr'><strong>vero</strong></span> <span class='ocrx_word' id='word_1_220' title='bbox 2208 2304 2391 2362; x_wconf 88' lang='lat' dir='ltr'><strong>etiam</strong></span> 
     </span>
     <span class='ocr_line' id='line_1_26' title="bbox 169 2377 2390 2454; baseline 0 -16"><span class='ocrx_word' id='word_1_221' title='bbox 169 2381 246 2438; x_wconf 88' lang='lat' dir='ltr'><strong>de</strong></span> <span class='ocrx_word' id='word_1_222' title='bbox 269 2377 475 2438; x_wconf 86' lang='lat' dir='ltr'><strong>Medis</strong></span> <span class='ocrx_word' id='word_1_223' title='bbox 501 2379 655 2454; x_wconf 84' lang='lat' dir='ltr'><strong>Lydi</strong></span> <span class='ocrx_word' id='word_1_224' title='bbox 676 2381 981 2437; x_wconf 85' lang='lat' dir='ltr'><strong>victoriam</strong></span> <span class='ocrx_word' id='word_1_225' title='bbox 1002 2380 1367 2452; x_wconf 80' lang='lat' dir='ltr'><strong>retulerunt3</strong></span> <span class='ocrx_word' id='word_1_226' title='bbox 1413 2380 1595 2438; x_wconf 80' lang='lat' dir='ltr'><strong>semel</strong></span> <span class='ocrx_word' id='word_1_227' title='bbox 1616 2380 1797 2436; x_wconf 87' lang='lat' dir='ltr'><strong>etiam</strong></span> <span class='ocrx_word' id='word_1_228' title='bbox 1820 2389 2111 2437; x_wconf 87' lang='lat' dir='ltr'><strong>nocturno</strong></span> <span class='ocrx_word' id='word_1_229' title='bbox 2134 2382 2390 2454; x_wconf 85' lang='lat' dir='ltr'><strong>quodam</strong></span> 
     </span>
     <span class='ocr_line' id='line_1_27' title="bbox 167 2457 2392 2534; baseline -0 -18"><span class='ocrx_word' id='word_1_230' title='bbox 167 2460 380 2534; x_wconf 85' lang='lat' dir='ltr'><strong>praelio</strong></span> <span class='ocrx_word' id='word_1_231' title='bbox 407 2459 779 2516; x_wconf 83' lang='lat' dir='ltr'><strong>dimicarunt.</strong></span> <span class='ocrx_word' id='word_1_232' title='bbox 859 2458 1094 2515; x_wconf 87' lang='lat' dir='ltr'><strong>Scilicet</strong></span> <span class='ocrx_word' id='word_1_233' title='bbox 1142 2461 1268 2533; x_wconf 87' lang='lat' dir='ltr'><strong>pari</strong></span> <span class='ocrx_word' id='word_1_234' title='bbox 1306 2459 1605 2532; x_wconf 83' lang='lat' dir='ltr'><strong>utrimque</strong></span> <span class='ocrx_word' id='word_1_235' title='bbox 1649 2457 1905 2515; x_wconf 82' lang='lat' dir='ltr'><strong>fortuna</strong></span> <span class='ocrx_word' id='word_1_236' title='bbox 1933 2458 2157 2515; x_wconf 88' lang='lat' dir='ltr'><strong>bellum</strong></span> <span class='ocrx_word' id='word_1_237' title='bbox 2200 2459 2392 2516; x_wconf 87' lang='lat' dir='ltr'><strong>conti·</strong></span> 
     </span>
     <span class='ocr_line' id='line_1_28' title="bbox 154 2537 2390 2630; baseline 0 -35"><span class='ocrx_word' id='word_1_238' title='bbox 154 2539 508 2630; x_wconf 55' lang='lat' dir='ltr'><strong>{mantibus</strong></span> <span class='ocrx_word' id='word_1_239' title='bbox 553 2537 765 2593; x_wconf 89' lang='lat' dir='ltr'><strong>accidit</strong></span> <span class='ocrx_word' id='word_1_240' title='bbox 811 2544 979 2593; x_wconf 85' lang='lat' dir='ltr'><strong>sexto</strong></span> <span class='ocrx_word' id='word_1_241' title='bbox 1030 2555 1212 2604; x_wconf 80' lang='lat' dir='ltr'><strong>annu,</strong></span> <span class='ocrx_word' id='word_1_242' title='bbox 1261 2544 1354 2604; x_wconf 89' lang='lat' dir='ltr'><strong>ut,</strong></span> <span class='ocrx_word' id='word_1_243' title='bbox 1399 2546 1714 2612; x_wconf 81' lang='lat' dir='ltr'><strong>postquam</strong></span> <span class='ocrx_word' id='word_1_244' title='bbox 1762 2537 1937 2614; x_wconf 84' lang='lat' dir='ltr'><strong>signa</strong></span> <span class='ocrx_word' id='word_1_245' title='bbox 1982 2537 2390 2610; x_wconf 84' lang='lat' dir='ltr'><strong>contulissent,</strong></span> 
     </span>
     <span class='ocr_line' id='line_1_29' title="bbox 159 2612 2391 2776; baseline -0 -23"><span class='ocrx_word' id='word_1_246' title='bbox 159 2612 426 2753; x_wconf 53' lang='lat' dir='ltr'><strong>{5332}ss</strong></span> <span class='ocrx_word' id='word_1_247' title='bbox 433 2579 2169 2788; x_wconf 42' lang='lat' dir='ltr'><strong>&amp;affirma⁵¹ffi32132ae12213ss‘053322ffi5ffi</strong></span> <span class='ocrx_word' id='word_1_248' title='bbox 2190 2633 2391 2776; x_wconf 62' lang='grc' dir='ltr'><strong>,ἓὲἒὲ</strong></span> 
     </span>
     <span class='ocr_line' id='line_1_30' title="bbox 171 2772 2391 2848; baseline -0.001 -16"><span class='ocrx_word' id='word_1_249' title='bbox 171 2791 404 2832; x_wconf 80' lang='lat' dir='ltr'><strong>annum</strong></span> <span class='ocrx_word' id='word_1_250' title='bbox 457 2773 817 2848; x_wconf 82' lang='lat' dir='ltr'><strong>praefiniens,</strong></span> <span class='ocrx_word' id='word_1_251' title='bbox 861 2789 979 2847; x_wconf 90' lang='lat' dir='ltr'><strong>quo</strong></span> <span class='ocrx_word' id='word_1_252' title='bbox 1019 2773 1177 2830; x_wconf 83' lang='lat' dir='ltr'><strong>facta</strong></span> <span class='ocrx_word' id='word_1_253' title='bbox 1221 2779 1310 2830; x_wconf 89' lang='lat' dir='ltr'><strong>est</strong></span> <span class='ocrx_word' id='word_1_254' title='bbox 1357 2773 1461 2830; x_wconf 88' lang='lat' dir='ltr'><strong>illa</strong></span> <span class='ocrx_word' id='word_1_255' title='bbox 1507 2773 1862 2830; x_wconf 87' lang='lat' dir='ltr'><strong>immutatio.</strong></span> <span class='ocrx_word' id='word_1_256' title='bbox 1938 2772 2091 2848; x_wconf 87' lang='lat' dir='ltr'><strong>Lydi</strong></span> <span class='ocrx_word' id='word_1_257' title='bbox 2142 2791 2283 2830; x_wconf 81' lang='lat' dir='ltr'><strong>vero</strong></span> <span class='ocrx_word' id='word_1_258' title='bbox 2329 2782 2391 2831; x_wconf 86' lang='lat' dir='ltr'><strong>et</strong></span> 
     </span>
     <span class='ocr_line' id='line_1_31' title="bbox 169 2851 2389 2928; baseline -0.001 -17"><span class='ocrx_word' id='word_1_259' title='bbox 169 2853 367 2920; x_wconf 77' lang='lat' dir='ltr'><strong>Medi,</strong></span> <span class='ocrx_word' id='word_1_260' title='bbox 415 2869 606 2925; x_wconf 90' lang='lat' dir='ltr'><strong>quum</strong></span> <span class='ocrx_word' id='word_1_261' title='bbox 645 2852 777 2908; x_wconf 92' lang='lat' dir='ltr'><strong>loco</strong></span> <span class='ocrx_word' id='word_1_262' title='bbox 819 2851 935 2907; x_wconf 91' lang='lat' dir='ltr'><strong>diei</strong></span> <span class='ocrx_word' id='word_1_263' title='bbox 961 2851 1159 2908; x_wconf 84' lang='lat' dir='ltr'><strong>subito</strong></span> <span class='ocrx_word' id='word_1_264' title='bbox 1187 2859 1422 2909; x_wconf 87' lang='lat' dir='ltr'><strong>noctem</strong></span> <span class='ocrx_word' id='word_1_265' title='bbox 1457 2852 1737 2927; x_wconf 86' lang='lat' dir='ltr'><strong>ingruere</strong></span> <span class='ocrx_word' id='word_1_266' title='bbox 1775 2851 2058 2919; x_wconf 84' lang='lat' dir='ltr'><strong>viderent,</strong></span> <span class='ocrx_word' id='word_1_267' title='bbox 2082 2852 2389 2928; x_wconf 85' lang='lat' dir='ltr'><strong>pugnandi</strong></span> 
     </span>
     <span class='ocr_line' id='line_1_32' title="bbox 175 2929 2391 3019; baseline 0 -31"><span class='ocrx_word' id='word_1_268' title='bbox 175 2931 362 2988; x_wconf 87' lang='lat' dir='ltr'><strong>finem</strong></span> <span class='ocrx_word' id='word_1_269' title='bbox 416 2931 702 2996; x_wconf 83' lang='lat' dir='ltr'><strong>fecerunt,</strong></span> <span class='ocrx_word' id='word_1_270' title='bbox 752 2935 814 2986; x_wconf 88' lang='lat' dir='ltr'><strong>et</strong></span> <span class='ocrx_word' id='word_1_271' title='bbox 855 2929 1154 3003; x_wconf 82' lang='lat' dir='ltr'><strong>aliquanto</strong></span> <span class='ocrx_word' id='word_1_272' title='bbox 1201 2931 1382 2986; x_wconf 87' lang='lat' dir='ltr'><strong>etiam</strong></span> <span class='ocrx_word' id='word_1_273' title='bbox 1433 2931 1629 3005; x_wconf 85' lang='lat' dir='ltr'><strong>magis</strong></span> <span class='ocrx_word' id='word_1_274' title='bbox 1677 2930 1911 3004; x_wconf 89' lang='lat' dir='ltr'><strong>utrique</strong></span> <span class='ocrx_word' id='word_1_275' title='bbox 1966 2931 2391 3019; x_wconf 79' lang='lat' dir='ltr'><strong>componendae</strong></span> 
     </span>
     <span class='ocr_line' id='line_1_33' title="bbox 173 3004 2385 3084; baseline -0.001 -17"><span class='ocrx_word' id='word_1_276' title='bbox 173 3011 308 3084; x_wconf 87' lang='lat' dir='ltr'><strong>paci</strong></span> <span class='ocrx_word' id='word_1_277' title='bbox 356 3017 663 3083; x_wconf 86' lang='lat' dir='ltr'><strong>coeperunt</strong></span> <span class='ocrx_word' id='word_1_278' title='bbox 723 3008 972 3065; x_wconf 85' lang='lat' dir='ltr'><strong>studere.</strong></span> <span class='ocrx_word' id='word_1_279' title='bbox 1077 3009 1360 3065; x_wconf 74' lang='lat' dir='ltr'><strong>Auctor-es</strong></span> <span class='ocrx_word' id='word_1_280' title='bbox 1418 3025 1559 3063; x_wconf 78' lang='lat' dir='ltr'><strong>vero</strong></span> <span class='ocrx_word' id='word_1_281' title='bbox 1617 3004 2025 3064; x_wconf 85' lang='lat' dir='ltr'><strong>conventionis</strong></span> <span class='ocrx_word' id='word_1_282' title='bbox 2078 3010 2140 3066; x_wconf 90' lang='lat' dir='ltr'><strong>hi</strong></span> <span class='ocrx_word' id='word_1_283' title='bbox 2193 3016 2385 3076; x_wconf 89' lang='lat' dir='ltr'><strong>erant,</strong></span> 
     </span>
     <span class='ocr_line' id='line_1_34' title="bbox 175 3083 2395 3164; baseline 0 -22"><span class='ocrx_word' id='word_1_284' title='bbox 175 3085 488 3164; x_wconf 83' lang='lat' dir='ltr'><strong>Syennesis</strong></span> <span class='ocrx_word' id='word_1_285' title='bbox 532 3087 711 3154; x_wconf 80' lang='lat' dir='ltr'><strong>Cilix,</strong></span> <span class='ocrx_word' id='word_1_286' title='bbox 753 3094 812 3142; x_wconf 89' lang='lat' dir='ltr'><strong>et</strong></span> <span class='ocrx_word' id='word_1_287' title='bbox 846 3085 1187 3161; x_wconf 85' lang='lat' dir='ltr'><strong>Labynetus</strong></span> <span class='ocrx_word' id='word_1_288' title='bbox 1239 3085 1640 3160; x_wconf 72' lang='lat' dir='ltr'><strong>Babylonius,</strong></span> <span class='ocrx_word' id='word_1_289' title='bbox 1685 3086 1897 3158; x_wconf 87' lang='lat' dir='ltr'><strong>quibus</strong></span> <span class='ocrx_word' id='word_1_290' title='bbox 1948 3104 2073 3142; x_wconf 88' lang='lat' dir='ltr'><strong>rem</strong></span> <span class='ocrx_word' id='word_1_291' title='bbox 2115 3083 2395 3161; x_wconf 59' lang='lat' dir='ltr'><strong>urgenti4</strong></span> 
     </span>
     <span class='ocr_line' id='line_1_35' title="bbox 175 3165 2387 3240; baseline 0 -18"><span class='ocrx_word' id='word_1_292' title='bbox 175 3165 288 3223; x_wconf 87' lang='lat' dir='ltr'><strong>bus</strong></span> <span class='ocrx_word' id='word_1_293' title='bbox 325 3167 559 3224; x_wconf 80' lang='lat' dir='ltr'><strong>factum</strong></span> <span class='ocrx_word' id='word_1_294' title='bbox 601 3175 714 3231; x_wconf 87' lang='lat' dir='ltr'><strong>est,</strong></span> <span class='ocrx_word' id='word_1_295' title='bbox 742 3172 812 3222; x_wconf 89' lang='lat' dir='ltr'><strong>ut</strong></span> <span class='ocrx_word' id='word_1_296' title='bbox 854 3172 913 3220; x_wconf 89' lang='lat' dir='ltr'><strong>et</strong></span> <span class='ocrx_word' id='word_1_297' title='bbox 961 3165 1148 3220; x_wconf 77' lang='lat' dir='ltr'><strong>foedus</strong></span> <span class='ocrx_word' id='word_1_298' title='bbox 1196 3165 1348 3221; x_wconf 88' lang='lat' dir='ltr'><strong>inter</strong></span> <span class='ocrx_word' id='word_1_299' title='bbox 1391 3172 1584 3240; x_wconf 84' lang='lat' dir='ltr'><strong>partes</strong></span> <span class='ocrx_word' id='word_1_300' title='bbox 1620 3171 1992 3239; x_wconf 73' lang='lat' dir='ltr'><strong>pungeretur,</strong></span> <span class='ocrx_word' id='word_1_301' title='bbox 2022 3172 2083 3221; x_wconf 89' lang='lat' dir='ltr'><strong>et</strong></span> <span class='ocrx_word' id='word_1_302' title='bbox 2105 3173 2387 3224; x_wconf 83' lang='lat' dir='ltr'><strong>mutuum</strong></span> 
     </span>
     <span class='ocr_line' id='line_1_36' title="bbox 167 3239 2387 3398; baseline -0 -18"><span class='ocrx_word' id='word_1_303' title='bbox 167 3239 1902 3398; x_wconf 43' lang='lat' dir='ltr'><strong>ffi‘i‘zzffizssz‘g?¹1:¹3.23‘.²{31-.‘1²{3²,¹¹3satiasti.</strong></span> <span class='ocrx_word' id='word_1_304' title='bbox 1909 3243 2387 3396; x_wconf 46' lang='lat' dir='ltr'><strong>“¹5:332“ae</strong></span> 
     </span>
     <span class='ocr_line' id='line_1_37' title="bbox 175 3400 2387 3469; baseline 0 -11"><span class='ocrx_word' id='word_1_305' title='bbox 175 3403 350 3458; x_wconf 84' lang='lat' dir='ltr'><strong>firmo</strong></span> <span class='ocrx_word' id='word_1_306' title='bbox 373 3400 820 3459; x_wconf 83' lang='lat' dir='ltr'><strong>necessitudinis</strong></span> <span class='ocrx_word' id='word_1_307' title='bbox 844 3400 1084 3456; x_wconf 82' lang='lat' dir='ltr'><strong>vinculo</strong></span> <span class='ocrx_word' id='word_1_308' title='bbox 1117 3418 1237 3456; x_wconf 91' lang='lat' dir='ltr'><strong>non</strong></span> <span class='ocrx_word' id='word_1_309' title='bbox 1264 3402 1452 3458; x_wconf 86' lang='lat' dir='ltr'><strong>solent</strong></span> <span class='ocrx_word' id='word_1_310' title='bbox 1479 3400 1895 3469; x_wconf 77' lang='lat' dir='ltr'><strong>conventiones</strong></span> <span class='ocrx_word' id='word_1_311' title='bbox 1921 3401 2104 3457; x_wconf 81' lang='lat' dir='ltr'><strong>firmae</strong></span> <span class='ocrx_word' id='word_1_312' title='bbox 2128 3418 2387 3460; x_wconf 85' lang='lat' dir='ltr'><strong>manere.</strong></span> 
     </span>
     <span class='ocr_line' id='line_1_38' title="bbox 173 3479 2387 3552; baseline 0 -15"><span class='ocrx_word' id='word_1_313' title='bbox 173 3481 394 3538; x_wconf 87' lang='lat' dir='ltr'><strong>Foedus</strong></span> <span class='ocrx_word' id='word_1_314' title='bbox 450 3489 652 3537; x_wconf 88' lang='lat' dir='ltr'><strong>autem</strong></span> <span class='ocrx_word' id='word_1_315' title='bbox 706 3479 980 3535; x_wconf 87' lang='lat' dir='ltr'><strong>sanciunt</strong></span> <span class='ocrx_word' id='word_1_316' title='bbox 1025 3479 1087 3535; x_wconf 91' lang='lat' dir='ltr'><strong>hi</strong></span> <span class='ocrx_word' id='word_1_317' title='bbox 1124 3479 1325 3552; x_wconf 90' lang='lat' dir='ltr'><strong>populi</strong></span> <span class='ocrx_word' id='word_1_318' title='bbox 1374 3479 1584 3536; x_wconf 86' lang='lat' dir='ltr'><strong>eodem</strong></span> <span class='ocrx_word' id='word_1_319' title='bbox 1610 3479 1742 3548; x_wconf 65' lang='lat' dir='ltr'><strong>,ritu</strong></span> <span class='ocrx_word' id='word_1_320' title='bbox 1796 3485 1971 3552; x_wconf 84' lang='lat' dir='ltr'><strong>atque</strong></span> <span class='ocrx_word' id='word_1_321' title='bbox 2023 3479 2233 3545; x_wconf 78' lang='lat' dir='ltr'><strong>Graeci,</strong></span> <span class='ocrx_word' id='word_1_322' title='bbox 2274 3481 2387 3537; x_wconf 87' lang='lat' dir='ltr'><strong>nisi</strong></span> 
     </span>
     <span class='ocr_line' id='line_1_39' title="bbox 173 3556 2385 3635; baseline 0 -20"><span class='ocrx_word' id='word_1_323' title='bbox 173 3560 332 3634; x_wconf 87' lang='lat' dir='ltr'><strong>quod</strong></span> <span class='ocrx_word' id='word_1_324' title='bbox 385 3567 668 3634; x_wconf 72' lang='lat' dir='ltr'><strong>praeterea</strong></span> <span class='ocrx_word' id='word_1_325' title='bbox 705 3557 941 3614; x_wconf 87' lang='lat' dir='ltr'><strong>brachia</strong></span> <span class='ocrx_word' id='word_1_326' title='bbox 981 3556 1246 3614; x_wconf 85' lang='lat' dir='ltr'><strong>incidunt</strong></span> <span class='ocrx_word' id='word_1_327' title='bbox 1296 3575 1532 3614; x_wconf 88' lang='lat' dir='ltr'><strong>summa</strong></span> <span class='ocrx_word' id='word_1_328' title='bbox 1587 3557 1646 3613; x_wconf 89' lang='lat' dir='ltr'><strong>in</strong></span> <span class='ocrx_word' id='word_1_329' title='bbox 1704 3564 1860 3624; x_wconf 88' lang='lat' dir='ltr'><strong>cute,</strong></span> <span class='ocrx_word' id='word_1_330' title='bbox 1905 3564 1966 3614; x_wconf 91' lang='lat' dir='ltr'><strong>et</strong></span> <span class='ocrx_word' id='word_1_331' title='bbox 2028 3559 2385 3635; x_wconf 84' lang='lat' dir='ltr'><strong>sanguinem</strong></span> 
     </span>
     <span class='ocr_line' id='line_1_40' title="bbox 173 3638 684 3712; baseline -0.004 -17"><span class='ocrx_word' id='word_1_332' title='bbox 173 3647 391 3696; x_wconf 81' lang='lat' dir='ltr'><strong>mutuo</strong></span> <span class='ocrx_word' id='word_1_333' title='bbox 417 3638 684 3712; x_wconf 89' lang='lat' dir='ltr'><strong>lingunt.</strong></span> 
     </span>
    </p>

    <p class='ocr_par' dir='ltr' id='par_1_4' title="bbox 173 3715 2387 3869">
     <span class='ocr_line' id='line_1_41' title="bbox 255 3715 2387 3792; baseline -0 -19"><span class='ocrx_word' id='word_1_334' title='bbox 255 3721 355 3774; x_wconf 88' lang='grc'><strong>75.</strong></span> <span class='ocrx_word' id='word_1_335' title='bbox 399 3715 584 3772; x_wconf 87' lang='lat' dir='ltr'><strong>Hunc</strong></span> <span class='ocrx_word' id='word_1_336' title='bbox 622 3717 808 3790; x_wconf 83' lang='lat' dir='ltr'><strong>igitur</strong></span> <span class='ocrx_word' id='word_1_337' title='bbox 838 3715 1157 3791; x_wconf 79' lang='lat' dir='ltr'><strong>Astyagen,</strong></span> <span class='ocrx_word' id='word_1_338' title='bbox 1189 3733 1367 3772; x_wconf 83' lang='lat' dir='ltr'><strong>avum</strong></span> <span class='ocrx_word' id='word_1_339' title='bbox 1397 3733 1572 3772; x_wconf 82' lang='lat' dir='ltr'><strong>suum</strong></span> <span class='ocrx_word' id='word_1_340' title='bbox 1595 3723 1947 3784; x_wconf 80' lang='lat' dir='ltr'><strong>maternum,</strong></span> <span class='ocrx_word' id='word_1_341' title='bbox 1976 3715 2167 3792; x_wconf 87' lang='lat' dir='ltr'><strong>Cyrus</strong></span> <span class='ocrx_word' id='word_1_342' title='bbox 2202 3731 2387 3791; x_wconf 81' lang='lat' dir='ltr'><strong>reg-no</strong></span> 
     </span>
     <span class='ocr_line' id='line_1_42' title="bbox 173 3792 2385 3869; baseline -0.003 -15"><span class='ocrx_word' id='word_1_343' title='bbox 173 3792 476 3868; x_wconf 86' lang='lat' dir='ltr'><strong>dejectum</strong></span> <span class='ocrx_word' id='word_1_344' title='bbox 515 3796 578 3850; x_wconf 91' lang='lat' dir='ltr'><strong>in</strong></span> <span class='ocrx_word' id='word_1_345' title='bbox 617 3811 724 3850; x_wconf 87' lang='lat' dir='ltr'><strong>sua</strong></span> <span class='ocrx_word' id='word_1_346' title='bbox 763 3801 1051 3869; x_wconf 81' lang='lat' dir='ltr'><strong>potestate</strong></span> <span class='ocrx_word' id='word_1_347' title='bbox 1094 3794 1350 3859; x_wconf 86' lang='lat' dir='ltr'><strong>tenebat,</strong></span> <span class='ocrx_word' id='word_1_348' title='bbox 1377 3813 1511 3852; x_wconf 90' lang='lat' dir='ltr'><strong>eam</strong></span> <span class='ocrx_word' id='word_1_349' title='bbox 1550 3795 1631 3852; x_wconf 91' lang='lat' dir='ltr'><strong>ob</strong></span> <span class='ocrx_word' id='word_1_350' title='bbox 1670 3811 1939 3852; x_wconf 80' lang='lat' dir='ltr'><strong>caussam</strong></span> <span class='ocrx_word' id='word_1_351' title='bbox 1980 3812 2160 3868; x_wconf 89' lang='lat' dir='ltr'><strong>quam</strong></span> <span class='ocrx_word' id='word_1_352' title='bbox 2198 3793 2259 3848; x_wconf 90' lang='lat' dir='ltr'><strong>in</strong></span> <span class='ocrx_word' id='word_1_353' title='bbox 2290 3809 2385 3849; x_wconf 90' lang='lat' dir='ltr'><strong>se-</strong></span> 
     </span>
    </p>
   </div>
   <div class='ocr_carea' id='block_1_3' title="bbox 63 3872 2388 3951">
    <p class='ocr_par' dir='ltr' id='par_1_5' title="bbox 63 3872 2388 3951">
     <span class='ocr_line' id='line_1_43' title="bbox 63 3872 2388 3951; baseline -0.002 -19"><span class='ocrx_word' id='word_1_354' title='bbox 63 3891 70 3896; x_wconf 80' lang='lat'><strong>·</strong></span> <span class='ocrx_word' id='word_1_355' title='bbox 174 3873 496 3951; x_wconf 88' lang='lat' dir='ltr'><strong>quentibus</strong></span> <span class='ocrx_word' id='word_1_356' title='bbox 539 3889 852 3946; x_wconf 80' lang='lat' dir='ltr'><strong>exponam.</strong></span> <span class='ocrx_word' id='word_1_357' title='bbox 931 3873 1072 3934; x_wconf 84' lang='lat' dir='ltr'><strong>Quo</strong></span> <span class='ocrx_word' id='word_1_358' title='bbox 1113 3873 1358 3928; x_wconf 88' lang='lat' dir='ltr'><strong>nomine</strong></span> <span class='ocrx_word' id='word_1_359' title='bbox 1385 3874 1621 3930; x_wconf 82' lang='lat' dir='ltr'><strong>Croesus</strong></span> <span class='ocrx_word' id='word_1_360' title='bbox 1648 3873 1702 3929; x_wconf 92' lang='lat' dir='ltr'><strong>ei</strong></span> <span class='ocrx_word' id='word_1_361' title='bbox 1742 3873 2020 3940; x_wconf 84' lang='lat' dir='ltr'><strong>infensus,</strong></span> <span class='ocrx_word' id='word_1_362' title='bbox 2048 3872 2123 3928; x_wconf 81' lang='lat' dir='ltr'><strong>ad</strong></span> <span class='ocrx_word' id='word_1_363' title='bbox 2146 3873 2388 3928; x_wconf 85' lang='lat' dir='ltr'><strong>oracula</strong></span> 
     </span>
    </p>
   </div>
   <div class='ocr_carea' id='block_1_4' title="bbox 172 3949 2387 4264">
    <p class='ocr_par' dir='ltr' id='par_1_6' title="bbox 172 3949 2387 4264">
     <span class='ocr_line' id='line_1_44' title="bbox 172 3949 2384 4044; baseline -0.003 -32"><span class='ocrx_word' id='word_1_364' title='bbox 172 3954 418 4012; x_wconf 80' lang='lat' dir='ltr'><strong>miserat</strong></span> <span class='ocrx_word' id='word_1_365' title='bbox 448 3952 553 4026; x_wconf 89' lang='lat' dir='ltr'><strong>qui</strong></span> <span class='ocrx_word' id='word_1_366' title='bbox 593 3951 987 4010; x_wconf 84' lang='lat' dir='ltr'><strong>consulerent</strong></span> <span class='ocrx_word' id='word_1_367' title='bbox 1001 3969 1076 4007; x_wconf 86' lang='lat' dir='ltr'><strong>an</strong></span> <span class='ocrx_word' id='word_1_368' title='bbox 1109 3950 1332 4007; x_wconf 86' lang='lat' dir='ltr'><strong>bellum</strong></span> <span class='ocrx_word' id='word_1_369' title='bbox 1375 3951 1566 4009; x_wconf 85' lang='lat' dir='ltr'><strong>Persis</strong></span> <span class='ocrx_word' id='word_1_370' title='bbox 1602 3951 1881 4023; x_wconf 76' lang='lat' dir='ltr'><strong>inferret5</strong></span> <span class='ocrx_word' id='word_1_371' title='bbox 1928 3959 1989 4008; x_wconf 90' lang='lat' dir='ltr'><strong>et</strong></span> <span class='ocrx_word' id='word_1_372' title='bbox 2032 3949 2384 4044; x_wconf 73' lang='lat' dir='ltr'><strong>ambiguum</strong></span> 
     </span>
     <span class='ocr_line' id='line_1_45' title="bbox 175 4029 2383 4114; baseline -0.003 -24"><span class='ocrx_word' id='word_1_373' title='bbox 175 4047 534 4106; x_wconf 83' lang='lat' dir='ltr'><strong>responsum</strong></span> <span class='ocrx_word' id='word_1_374' title='bbox 575 4037 804 4095; x_wconf 87' lang='lat' dir='ltr'><strong>nactus,</strong></span> <span class='ocrx_word' id='word_1_375' title='bbox 837 4037 1000 4090; x_wconf 85' lang='lat' dir='ltr'><strong>ratus</strong></span> <span class='ocrx_word' id='word_1_376' title='bbox 1043 4029 1156 4087; x_wconf 87' lang='lat' dir='ltr'><strong>sibi</strong></span> <span class='ocrx_word' id='word_1_377' title='bbox 1207 4029 1404 4086; x_wconf 57' lang='lat' dir='ltr'><strong>favere</strong></span> <span class='ocrx_word' id='word_1_378' title='bbox 1445 4047 1819 4114; x_wconf 84' lang='lat' dir='ltr'><strong>responsum,</strong></span> <span class='ocrx_word' id='word_1_379' title='bbox 1848 4029 2276 4112; x_wconf 80' lang='lat' dir='ltr'><strong>expeditionem</strong></span> <span class='ocrx_word' id='word_1_380' title='bbox 2320 4031 2383 4086; x_wconf 88' lang='lat' dir='ltr'><strong>in</strong></span> 
     </span>
     <span class='ocr_line' id='line_1_46' title="bbox 173 4105 2387 4184; baseline -0.002 -16"><span class='ocrx_word' id='word_1_381' title='bbox 173 4111 492 4168; x_wconf 84' lang='lat' dir='ltr'><strong>Persarum</strong></span> <span class='ocrx_word' id='word_1_382' title='bbox 519 4108 807 4164; x_wconf 87' lang='lat' dir='ltr'><strong>ditionem</strong></span> <span class='ocrx_word' id='word_1_383' title='bbox 835 4109 1106 4181; x_wconf 84' lang='lat' dir='ltr'><strong>suscepit.</strong></span> <span class='ocrx_word' id='word_1_384' title='bbox 1189 4106 1308 4165; x_wconf 90' lang='lat' dir='ltr'><strong>Ubi</strong></span> <span class='ocrx_word' id='word_1_385' title='bbox 1335 4124 1475 4166; x_wconf 82' lang='lat' dir='ltr'><strong>vero</strong></span> <span class='ocrx_word' id='word_1_386' title='bbox 1493 4107 1578 4166; x_wconf 88' lang='lat' dir='ltr'><strong>ad</strong></span> <span class='ocrx_word' id='word_1_387' title='bbox 1606 4107 1805 4183; x_wconf 88' lang='lat' dir='ltr'><strong>Halyn</strong></span> <span class='ocrx_word' id='word_1_388' title='bbox 1830 4105 2079 4165; x_wconf 81' lang='lat' dir='ltr'><strong>fluviu‘m</strong></span> <span class='ocrx_word' id='word_1_389' title='bbox 2118 4109 2387 4184; x_wconf 81' lang='lat' dir='ltr'><strong>pervenit</strong></span> 
     </span>
     <span class='ocr_line' id='line_1_47' title="bbox 179 4185 2383 4264; baseline -0.002 -18"><span class='ocrx_word' id='word_1_390' title='bbox 179 4189 444 4256; x_wconf 84' lang='lat' dir='ltr'><strong>Croesus,</strong></span> <span class='ocrx_word' id='word_1_391' title='bbox 475 4187 710 4254; x_wconf 86' lang='lat' dir='ltr'><strong>deinde,</strong></span> <span class='ocrx_word' id='word_1_392' title='bbox 735 4195 806 4243; x_wconf 84' lang='lat' dir='ltr'><strong>ut</strong></span> <span class='ocrx_word' id='word_1_393' title='bbox 833 4203 946 4264; x_wconf 84' lang='lat' dir='ltr'><strong>ego</strong></span> <span class='ocrx_word' id='word_1_394' title='bbox 971 4186 1236 4262; x_wconf 86' lang='lat' dir='ltr'><strong>quidem</strong></span> <span class='ocrx_word' id='word_1_395' title='bbox 1247 4185 1364 4255; x_wconf 77' lang='lat' dir='ltr'><strong>ain,</strong></span> <span class='ocrx_word' id='word_1_396' title='bbox 1393 4186 1673 4263; x_wconf 86' lang='lat' dir='ltr'><strong>pontibus</strong></span> <span class='ocrx_word' id='word_1_397' title='bbox 1696 4189 1802 4256; x_wconf 63' lang='grc' dir='ltr'><strong>εἰς,</strong></span> <span class='ocrx_word' id='word_1_398' title='bbox 1831 4186 1934 4261; x_wconf 89' lang='lat' dir='ltr'><strong>qui</strong></span> <span class='ocrx_word' id='word_1_399' title='bbox 1962 4187 2041 4245; x_wconf 86' lang='lat' dir='ltr'><strong>ibi</strong></span> <span class='ocrx_word' id='word_1_400' title='bbox 2070 4187 2260 4256; x_wconf 57' lang='lat' dir='ltr'><strong>dant,</strong></span> <span class='ocrx_word' id='word_1_401' title='bbox 2285 4203 2383 4243; x_wconf 85' lang='lat' dir='ltr'><strong>eo·</strong></span> 
     </span>
    </p>
   </div>
  </div>
 </body>
</html>
