2925 4992
558 308 679 367 ιιι
736 280 751 295 “
1114 300 1622 361 HERODOTI
1683 299 2046 365 ms‘ron.
2103 302 2220 361 111.

556 469 771 533 cutm-3
814 477 935 537 qun
958 459 1055 519 die
1076 460 1227 519 nulli
1253 458 1441 537 Mago
1465 459 1626 521 licet·
1647 463 1710 519 in
1751 461 2052 535 publicum
2079 460 2332 536 prodire,
2359 461 2470 521 sed
2493 462 2650 523 iutra
2669 463 2776 521 do-

558 558 699 605 mos
722 541 923 600 cuncti
948 558 1013 597 se
1038 539 1360 598 continent.

540 646 553 657 ·
640 624 739 678 80.
782 617 995 679 Sedato
1044 618 1329 684 tumultu,
1370 615 1708 689 interjectis,
1737 620 1998 693 quinque
2041 620 2268 684 diebus,
2305 620 2366 677 hi
2409 620 2514 694 qui
2557 620 2776 695 Magos

558 700 921 765 invaserant,
948 698 1019 755 de
1046 714 1283 755 summa
1322 713 1520 755 rerum
1545 698 1946 755 deliberarunt
1973 719 1988 753 ε
2035 697 2338 771 habitique
2377 707 2520 757 suut
2553 716 2779 755 sermo-

556 796 683 847 nee,
726 776 1097 839 incredibiles
1142 775 1385 851 quidem
1429 773 1652 835 Graecis
1701 776 2026 841 nonnullis,
2071 777 2260 833 habiti
2303 786 2504 835 tamen
2549 779 2778 851 utique.

557 858 641 918 Et
680 859 901 915 Otanes
942 855 1203 931 quidem,
1228 856 1514 927 imperium
1559 873 1826 917 summum
1865 855 2050 911 Persis
2091 858 2152 911 in
2192 858 2370 913 medio
2406 857 2782 929 deponmdm»

556 953 825 1128 οἶειὲεοὲιθε,
852 936 979 993 haec
1006 934 1185 991 verba
1223 933 1482 1069 {ecit‘
1492 934 1688 991 ‘Mihi
1718 934 2006 1069 videturn'
2033 934 2299 1008 ὶιιιιιιίι,6
2309 940 2478 991 ‘non
2519 933 2782 1075 ωιέἐυε

680 1034 711 1071 e
790 1032 851 1071 re
880 1030 1065 1071 unum
1089 1028 1125 1071 e
1150 1029 1228 1071 ιιο
1272 1029 1321 1069 ιε
1344 1028 1580 1071 summa
1601 1014 1684 1071 im
1762 1030 1832 1069 ιιι
1991 1012 2080 1069 ri:
2121 1030 2226 1069 nec
2251 1014 2416 1071 enim
2465 1030 2634 1073 ucun
2721 1033 2783 1071 m

564 1094 755 1151 “hoc
810 1092 1011 1157 fuerit,
1058 1108 1169 1149 nec
1216 1088 1459 1149 bonum.
1543 1032 1770 1149 Videlt’ies
1819 1030 2002 1153 egiom,
2055 1091 2366 1167 Cambysis
2417 1008 2784 1149 ‹inanime-lia

560 1178 939 1247 “quousque
966 1186 1275 1245 progressa
1296 1170 1395 1237 sit,
1416 1181 1478 1227 et
1501 1168 1672 1245 Magi
1699 1169 2074 1227 insolentiam
2101 1172 2242 1229 estis
2259 1168 2508 1243 experti.
2555 1170 2640 1227 Et
2659 1189 2780 1246 quo

587 1258 607 1285 ‘
636 1248 811 1326 pacto
841 1252 990 1307 bene
1018 1249 1347 1321 composita
1374 1267 1463 1307 res
1495 1249 1670 1307 fuerit
1709 1248 1888 1305 unius
1917 1249 2271 1321 imperium?
2313 1250 2413 1307 cui
2439 1247 2600 1315 licet,
2627 1250 2779 1307 nulli

556 1334 601 1365 ‘⁴
628 1330 841 1403 rationi
870 1327 1177 1387 reddendoe
1200 1327 1490 1394 obnoxio,
1519 1328 1708 1385 faeere
1733 1327 2016 1400 quidquid
2041 1327 2298 1387 libuerit.
2361 1327 2510 1385 Tale
2535 1329 2778 1402 quid·-

558 1415 604 1441 “
634 1408 969 1482 imperium,
988 1408 1036 1463 si
1068 1406 1195 1463 viro
1220 1406 1399 1463 etiam
1426 1407 1700 1463 omnium
1729 1407 1958 1478 optimo
1984 1407 2415 1472 committatur,
2441 1414 2608 1465 extra
2635 1424 2780 1465 eon-

560 1494 604 1520 “
636 1497 839 1547 suetos
862 1486 1049 1543 animi
1072 1502 1277 1541 sensus
1303 1485 1478 1543 facile
1501 1500 1640 1541 eum
1665 1485 1932 1557 abripiet.
1973 1485 2128 1541 Nam
2157 1492 2478 1559 praesentes
2505 1504 2652 1561 opes
2681 1486 2780 1542 in-

560 1572 600 1599 “
630 1566 943 1625 nolentiam
970 1566 1025 1621 ei
1070 1565 1418 1639 ingenerant
1442 1590 1457 1635 ς
1509 1564 1732 1621 invidia
1769 1571 1970 1621 autem
2009 1563 2294 1638 principio
2325 1564 2523 1621 inuata
2545 1572 2642 1623 est
2663 1565 2778 1621 ho·-

558 1651 603 1679 “
632 1646 803 1705 mini.
888 1644 963 1699 Et
992 1644 1117 1701 hec
1138 1643 1263 1699 duo
1290 1643 1542 1710 habens,
1569 1660 1810 1701 omnem
1835 1642 2014 1701 habet
2036 1642 2424 1716 pravitatem:
2467 1644 2588 1701 alia
2609 1645 2778 1705 enim

560 1729 604 1758 “
630 1723 877 1781 scelesta
908 1722 1117 1788 multa,
1145 1722 1455 1781 insolentia
1493 1722 1772 1795 repletus,
1803 1720 1978 1779 faciet
2001 1745 2018 1790 3
2063 1720 2200 1787 alia,
2227 1721 2462 1777 invidia.
2539 1723 2779 1783 Quam-2

558 1808 598 1837 “
628 1820 809 1877 quam
826 1802 1023 1859 virum
1049 1801 1113 1857 in
1142 1802 1303 1876 regia
1325 1796 1618 1875 dignitate
1641 1800 2036 1859 constitutum
2053 1800 2368 1873 oportebat
2381 1800 2779 1873 utiqueinvi-

561 1888 607 1915 “
632 1882 730 1939 dia
754 1897 981 1947 vacare,
1010 1880 1227 1952 quippe
1276 1879 1447 1935 bonis
1491 1880 1666 1935 rebus
1705 1878 1986 1950 omnibus
2025 1878 2444 1938 abumlnntem.
2518 1880 2600 1935 At
2633 1897 2780 1937 con-

564 1966 609 1995 “
640 1960 883 2019 trarium
916 1952 1089 2027 hujus
1106 1958 1163 2013 ei
1188 1956 1449 2015 accidere
1475 1957 1760 2015 adversus
1781 1959 1938 2015 cives
1963 1957 2152 2015 solet.
2137 1979 2150 1993 ·
2183 1956 2408 2017 invidet
2431 1958 2590 2015 enim
2613 1959 2778 2050 opti-

586 2038 749 2099 ‘mis
796 2037 1147 2110 quibusque,
1188 2036 1343 2108 quod
1382 2037 1674 2109 supersint
1719 2036 2074 2109 vivantque,
2121 2044 2182 2093 et
2217 2036 2440 2111 gaudet
2478 2037 2778 2109 pessimis,

561 2046 965 2229 {qim-umque
1014 2115 1293 2203 adversus
1344 2114 1506 2171 illos
1527 2112 1852 2173 calumnias
1906 2114 2186 2171 facillime
2235 2114 2516 2175 admittit
2593 2117 2780 2177 Quod

587 2203 773 2253 ‘vero
798 2194 1055 2254 maxime
1080 2190 1353 2253 omnium
1386 2188 1788 2269 incongruum
1817 2202 1947 2250 est.
1989 2194 2040 2249 si
2068 2193 2300 2251 modice
2336 2210 2476 2249 eum
2519 2194 2779 2251 admira·

560 2282 603 2311 “
630 2276 729 2341 rie,
758 2291 915 2349 oegre
942 2274 1053 2330 fert
1078 2271 1234 2347 quod
1278 2290 1395 2329 non
1432 2288 1806 2345 summopere
1845 2248 2116 2340 colatum
2164 2273 2213 2327 si
2253 2272 2384 2346 quis
2422 2290 2561 2329 eum
2603 2290 2778 2330 sum-

558 2361 871 2425 “mopere
908 2352 1070 2417 colit,
1094 2350 1427 2415 offenditur,
1456 2351 1822 2410 adulatorem
1867 2368 1992 2409 esse
2029 2312 2387 2409 existiman&
2467 2350 2778 2424 Denique,

587 2440 703 2491 ‘ut
728 2432 917 2491 dicam
944 2448 1075 2506 qum
1102 2438 1245 2489 sunt
1283 2430 1580 2487 maxima:
1627 2430 1902 2487 instituta
1941 2436 2138 2487 mutat
2177 2430 2390 2502 patria,
2419 2428 2547 2503 vim
2581 2430 2778 2487 adfert

558 2510 996 2575 “mulieribus,
1034 2508 1249 2565 occidit
1290 2504 1662 2577 injudicatos.
1741 2509 1820 2564 At
1861 2508 2069 2595 populi
2109 2507 2440 2581 imperium,
2487 2508 2776 2581 primum,

582 2598 846 2649 ‘nomen
870 2588 1043 2645 habet
1058 2587 1331 2645 omnium
1352 2587 1860 2653 honestissimum,
1869 2581 2030 2657 juris
2055 2586 2471 2659 aequalitatem.
2511 2586 2776 2656 Deinde,

559 2676 606 2704 ‘⁴'
632 2684 837 2727 eorum
864 2683 996 2739 quae
1034 2673 1227 2741 patrat
1254 2666 1305 2721 is
1332 2666 1433 2738 qui
1477 2682 1632 2723 unus
1669 2665 1944 2737 imperat,
1977 2664 2124 2723 nihil
2159 2664 2322 2723 facit.
2403 2664 2574 2723 Sorte
2617 2668 2778 2742 gerit

559 2755 603 2781 “
630 2747 877 2820 imperia
900 2754 963 2803 et
989 2745 1407 2818 magistratu&
1392 2770 1405 2781 ·
1452 2752 1810 2817 potestatem
1847 2743 2024 2801 habet
2069 2744 2284 2801 rationi
2325 2742 2640 2801 reddendae
2661 2746 2778 2801 ob-

557 2833 601 2861 “
631 2825 919 2895 noxiam3
968 2824 1219 2879 consilia
1242 2823 1453 2879 omnia
1475 2824 1548 2881 ad
1575 2840 1890 2881 commune
1923 2822 2144 2879 civium
2185 2821 2378 2879 refert.
2459 2823 2668 2883 Quare
2689 2826 2778 2881 sie

558 2912 749 2980 “ego
800 2920 1033 2969 censeo,
1072 2903 1252 2959 misso
1294 2902 1456 2959 facto
1499 2902 1674 2961 unius
1719 2900 1988 2975 imperio,
2029 2900 2402 2958 multitudini
2453 2900 2776 2976 imperium

554 2990 1097 3059 “potestatemque
1149 2998 1273 3037 esse
1322 2978 1814 3054 permittendamz
1859 2997 2000 3039 nam
2041 2980 2104 3036 in
2141 2979 2524 3041 multitudiue
2572 2982 2778 3039 insunt

582 3062 867 3121 ‘omnia’
974 3060 1151 3118 Hanc
1170 3060 1405 3119 Otanes
1430 3059 1784 3117 sententiam
1805 3058 1978 3117 dixit.

634 3147 701 3198 81
714 3184 731 3211 ,.
787 3141 929 3199 Ιιιιιι
958 3138 1349 3215 Megabyzus,
1374 3156 1618 3198 censens
1655 3154 1958 3209 paucorum
1997 3138 2224 3209 imperio
2262 3155 2347 3193 res
2385 3154 2496 3193 erse
2533 3141 2769 3209 permit-

560 3222 777 3285 tendas,
806 3222 867 3275 in
910 3220 1064 3273 hunc
1102 3217 1353 3275 modum
1380 3225 1472 3273 est
1510 3218 1756 3275 locutus,
1839 3216 2058 3277 “Quoe
2101 3215 2320 3272 Otanes
2363 3216 2438 3271 de
2479 3216 2780 3275 abolenda

558 3308 602 3347 ἰ
637 3300 801 3374 regia
826 3304 1117 3369 potestate
1142 3296 1317 3361 dixit,
1342 3294 1552 3353 eadem
1573 3296 1724 3353 mihi
1747 3312 1986 3369 quoque
2007 3294 2164 3351 dicta
2185 3303 2400 3353 sunto:
2439 3296 2603 3369 quod
2634 3314 2778 3358 vero

558 3385 600 3413 “
628 3378 703 3435 ad
751 3375 1193 3433 multitudinem
1238 3374 1455 3434 deferri
1495 3369 1676 3443 jussit
1725 3374 2058 3446 imperium,
2091 3373 2168 3431 ab
2209 3370 2437 3445 optima
2479 3376 2780 3432 sententia

560 3465 603 3493 “
631 3454 940 3513 aberravit.
996 3452 1152 3511 Nam
1174 3452 1375 3511 inutili
1400 3452 1576 3511 tur-ba
1603 3452 1748 3515 nihil
1775 3461 1865 3509 est
1891 3448 2288 3526 insipientius,
2315 3451 2627 3525 nihilque
2609 3472 2776 3513 inso-

560 3536 866 3593 “lentiuS.
946 3532 1127 3607 Atqui
1150 3532 1262 3591 hoc
1294 3533 1646 3623 neutiquam
1669 3530 2004 3596 ferendum,
2032 3540 2121 3596 ut,
2152 3531 2254 3603 qui
2279 3532 2435 3604 regis
2459 3540 2776 3591 contume-

560 3615 775 3675 “liam
800 3612 1055 3687 effugere
1080 3608 1373 3685 cupimus,
1398 3611 1621 3671 iidem
1605 3628 1670 3667 ιιι
1702 3610 1888 3683 plebis
1927 3606 2228 3666 indomitae
2263 3610 2600 3667 incidamus
2627 3630 2777 3669 con-

560 3694 954 3753 “tumeliam.
1034 3691 1195 3749 Nam
1218 3690 1335 3755 ille,
1364 3692 1417 3747 si
1440 3689 1578 3763 quid
1605 3689 1770 3755 facit,
1795 3688 2074 3763 intelligit
2091 3695 2300 3745 tamen
2327 3688 2470 3760 quid
2507 3690 2588 3747 sit
2611 3690 2778 3763 quod

559 3773 813 3831 “facit:
860 3779 921 3829 at
964 3766 1117 3842 plebi
1168 3787 1241 3827 ne
1283 3770 1395 3827 hoc
1430 3769 1672 3843 quidem
1713 3768 1886 3833 inest,
1913 3776 1984 3825 ut
2027 3766 2336 3840 intelligat.
2416 3767 2558 3828 Quo
2613 3770 2776 3827 enim

560 3860 801 3927 “pacto
845 3846 1161 3924 intelligat,
1192 3866 1378 3923 quum
1421 3866 1529 3905 nec
1573 3846 1840 3907 didicerit
1885 3864 1996 3903 nec
2037 3845 2264 3903 noverit
2307 3846 2632 3905 honestum
2673 3857 2776 3905 aut

590 3930 989 3989 ‘conveniens
1030 3927 1377 4001 quidquam,
1404 3935 1465 3983 et
1504 3926 1848 3999 deproperet
1889 3925 2153 4000 negotia,
2189 3942 2330 3981 cum
2367 3920 2604 3999 impetu
2645 3929 2776 3985 sinc

590 4017 837 4067 ‘mente
875 4008 1121 4072 irruens,
1149 4007 1397 4065 torrenti
1437 4004 1676 4061 flumini
1701 4002 1954 4061 similis?
1991 4002 2274 4076 Populati
2313 4003 2498 4076 igitur
2523 4012 2686 4063 statu
2715 4007 2776 4063 hi

559 4017 895 4153 ἶ’ἰιιιιιιιιιιη
920 4087 1023 4160 qui
1050 4085 1241 4141 Persis
1278 4084 1437 4141 male
1475 4080 1754 4157 cupiunt
1740 4126 1754 4137 .
1799 4100 1906 4139 nos
1937 4098 2076 4139 vero
2103 4081 2464 4154 optimorum
2505 4084 2776 4141 virorum

558 4175 603 4241 ξ’
634 4167 951 4243 seligamus
992 4164 1353 4243 societatem,
1372 4162 1472 4223 cui
1511 4160 1824 4238 imperium
1849 4160 2180 4223 deferamus
2209 4185 2226 4231 3
2271 4177 2526 4239 quorum
2561 4172 2792 4243 nempe,
