2925 4992
1096 313 1478 385 THAMA.
1567 330 1584 349 ‘
1803 338 1812 351 ·
2273 325 2390 387 m

194 468 391 538 eeeidit
404 472 741 549 AEgyptiis.
776 470 1003 547 pluerat
1017 472 1237 533 Thebis
1252 474 1574 551 AEgyptiis,
1591 476 1752 553 quod
1767 492 2092 552 numquam
2107 494 2214 537 nec
2227 484 2387 550 ante,

194 572 293 615 nee
314 563 451 627 post
478 553 541 611 id
566 562 805 643 tempus
832 552 907 609 ad
932 569 1125 611 meam
1152 570 1341 627 usque
1378 563 1616 611 etatem
1660 557 1890 622 accidit,
1915 564 1985 613 ut
2025 557 2138 630 ipsi
2177 558 2390 620 dieunt

193 632 465 694 Thebani.
546 631 753 687 Nam·
736 648 799 685 ιιι
828 631 1224 703 superioribus
1250 632 1502 708 AEgypti
1527 637 1778 693 omnino
1811 652 1930 695 non
1966 636 2122 695 cadit
2143 635 2386 709 pluviat

191 720 245 771 at
266 719 405 771 tunc
434 709 579 783 ipsis
606 709 831 769 'lhebis
858 710 1009 783 pluit
1032 711 1319 771 stillatim

261 794 351 847 u.
391 788 611 855 Persae,
639 790 981 845 transmissa
1004 791 1247 864 regione
1274 793 1441 864 aquis
1477 800 1734 860 carente,
1761 810 1946 867 quum
1970 801 2160 854 castra
2183 793 2386 854 castri·

178 867 597 943 AEgyptiorum
610 868 1047 941 opposuissem,
1076 868 1147 925 ad
1172 870 1666 943 congrediendum
1695 873 1918 947 parati3
1965 872 2044 929 ibi
2063 882 2200 931 tunc
2220 873 2386 932 auxi-

178 947 342 1005 liares
370 946 531 1020 regis
556 946 832 1021 AEgypti,
858 946 1051 1003 Graeci
1068 946 1333 1005 homines
1356 957 1415 1004 et
1441 949 1640 1017 Cares,
1657 949 1952 1024 indignati
1977 951 2134 1024 quod
2155 950 2386 1012 Phane-

177 1034 488 1087 externum
512 1024 836 1083 exereitum
858 1026 918 1081 in
942 1025 1277 1099 AEgyptum
1304 1027 1582 1095 duxisset,
1607 1029 1726 1085 tale
1751 1029 2027 1087 adversus
2067 1046 2206 1087 eum
2241 1029 2386 1089 faci-

173 1122 293 1168 nus
288 1104 735 1163 machinantur.
774 1102 957 1161 Filios
974 1102 1226 1164 habebat
1240 1104 1492 1173 Phane9‚
1521 1107 1582 1162 in
1601 1107 1868 1183 AEgypto
1885 1108 2152 1165 relictos:
2200 1109 2333 1167 his
2317 1124 2384 1167 m

170 1190 359 1239 eastra
384 1190 449 1237 et
476 1182 539 1240 in
570 1188 949 1254 conspectum
979 1182 1159 1255 patria
1186 1184 1504 1256 perductis,
1525 1194 1806 1243 craterem
1831 1186 1894 1241 in
1917 1186 2110 1243 medio
2135 1202 2388 1261 posuere

171 1268 565 1332 utrorumque
590 1265 942 1326 castrorum,
967 1269 1028 1317 et
1067 1262 1381 1333 productos
1427 1264 1696 1339 singissos
1739 1264 2014 1339 deinceps
2046 1282 2256 1338 pueros
2281 1284 2386 1323 su·
2507 1272 2514 1281 ’

171 1357 273 1413 per
312 1347 541 1397 cratere
579 1347 951 1397 mactaruntz
994 1346 1161 1405 tune,
1195 1335 1488 1415 jugulatis
1535 1344 1780 1410 eunctis,
1808 1343 2020 1401 vinum
2061 1351 2122 1401 et
2166 1360 2383 1417 aquam

169 1420 229 1474 in
270 1427 561 1475 craterem
616 1418 933 1491 ingessere,
978 1418 1455 1493 sanguinemque
1483 1420 1719 1479 morum
1765 1428 2049 1495 potarunt
2093 1422 2384 1481 auxiliarii

169 1514 399 1563 omnes,
428 1504 609 1570 atque
654 1496 739 1563 ita
784 1496 859 1553 ad
906 1496 1299 1572 pugnandum
1334 1501 1630 1573 progressi
1667 1507 1824 1556 sunt.
1902 1500 2038 1557 Acri
2061 1501 2384 1559 commisso

166 1576 387 1649 praelio,
418 1582 733 1648 postquam
770 1581 1159 1649 utrorumque
1198 1593 1423 1651 magna
1460 1577 1764 1635 cecidisset
1803 1574 2148 1645 multitudo,
2175 1578 2248 1637 ad
2273 1596 2382 1639 ex·-

168 1666 427 1717 tremum
454 1656 517 1709 in
542 1653 755 1729 fugam
781 1660 1095 1711 vertuntur
1114 1654 1405 1731 AEgyptii.

244 1738 343 1793 1-2.
384 1732 609 1792 Mirum
634 1748 777 1789 vero
802 1732 1123 1791 admodum
1152 1750 1277 1789 rem
1302 1734 1578 1809 equidem
1604 1733 1704 1790 hie
1727 1734 1868 1801 vidi,
1894 1735 2156 1793 monitus
2181 1735 2258 1793 ab
2283 1736 2376 1795 in-

167 1812 417 1887 digenis.
512 1812 719 1871 Quum
767 1826 899 1867 ossa
938 1820 1343 1885 utrorumque,
1388 1813 1494 1885 qui
1545 1814 1604 1869 in
1649 1830 1720 1869 eo
1766 1813 1968 1886 praelio
2019 1813 2380 1881 ceciderunt,

168 1891 483 1963 separatim
524 1896 811 1963 congesta
855 1889 1000 1955 sint,
1050 1890 1323 1962 (seorsim
1360 1887 1522 1947 enim
1552 1887 1827 1960 jacebant
1867 1892 2176 1949 Persarum
2217 1910 2376 1961 ossa,

167 1970 338 2030 sicuti
368 1968 543 2031 initio
570 1967 845 2030 distincta
866 1976 1073 2038 erant3
1120 1975 1180 2025 et
1198 1969 1358 2035 alibi,
1386 1987 1524 2027 osea
1537 1970 1990 2044 AEgyptiorum:
2002 1971 2024 2040 )
2071 1970 2378 2032 Persarum

164 2050 359 2107 urania
370 2048 461 2107 ita
474 2053 613 2106 eunt
636 2044 872 2111 debilia,
890 2053 983 2112 ut,
1008 2048 1059 2103 si
1078 2064 1271 2103 unum
1290 2050 1594 2106 minutum
1619 2050 1911 2106 caleulum
1941 2050 2002 2105 in
2023 2067 2096 2105 ea
2121 2049 2378 2111 volueris

165 2123 479 2196 conjicere,
524 2124 822 2199 perferen
868 2124 1293 2211 AEgyptiorum
1332 2144 1477 2183 vero
1517 2127 1602 2183 ita
1641 2134 1782 2183 sunt
1820 2127 2034 2193 valida,
2073 2134 2144 2185 ut
2179 2127 2381 2202 lapide

165 2206 503 2278 percutiens
528 2220 685 2277 aegre
710 2202 1032 2277 diffringas.
1114 2200 1300 2273 Cujus
1330 2206 1413 2261 rei
1438 2222 1704 2263 caussam
1727 2206 1998 2262 dixerunt
2017 2223 2164 2272 esse,
2193 2208 2387 2265 mihi·

166 2302 279 2357 que
304 2284 490 2345 facile
520 2290 957 2355 persuaserunt,
986 2282 1145 2355 quod
1174 2282 1447 2357 AEgyptii
1490 2302 1526 2341 a
1567 2284 1760 2357 pueris
1801 2284 2002 2349 statim
2045 2285 2238 2357 capita
2277 2303 2382 2341 ra*

163 2364 331 2429 dunt,
358 2361 523 2421 unde
562 2377 697 2417 ossa
737 2360 800 2415 in
840 2359 965 2417 sole
1006 2360 1153 2416 fiunt
1187 2370 1527 2437 compacta·
1569 2380 1688 2435 qua
1729 2362 1802 2417 de
1833 2362 2036 2419 eadem
2073 2378 2282 2421 caussa
2307 2356 2392 2421 fit

161 2442 365 2507 etiam,
386 2446 463 2500 ut
490 2456 608 2495 non
640 2438 1002 2509 calveseant3
1050 2439 1245 2497 nullus
1268 2441 1423 2497 enim
1446 2449 1537 2497 est
1559 2441 1834 2513 populus,
1861 2440 2016 2513 apud
2043 2456 2218 2513 quem
2249 2448 2377 2501 tam

158 2536 289 2577 raro
328 2526 516 2591 eaput
554 2517 753 2573 videas
780 2516 1036 2582 calvum,
1062 2528 1241 2591 quam
1286 2518 1441 2591 apud
1469 2519 1806 2594 AEgyptios.
1887 2519 2000 2575 His
2037 2518 2222 2593 igitur
2250 2518 2376 2577 hoee

159 2616 371 2657 caussa
394 2602 511 2663 est,
558 2613 663 2655 eur
708 2594 903 2653 valida
944 2595 1064 2653 sint
1108 2613 1315 2653 eorum
1340 2598 1558 2655 crania.
1637 2597 1828 2653 Persis
1871 2606 2070 2653 autem
2109 2614 2216 2655 cur
2253 2600 2374 2657 sint

156 2677 401 2743 debilia,
430 2691 643 2733 caussa
670 2674 797 2729 haee
826 2681 941 2739 est,
966 2674 1127 2747 quod
1168 2692 1203 2730 a
1242 2676 1437 2747 pueris
1479 2676 1546 2731 in
1581 2676 1792 2733 umbra
1828 2683 2154 2742 versantur,
2183 2677 2372 2750 pileos

154 2764 489 2831 gestantes,
514 2770 665 2841 quos
692 2753 861 2811 tiaras
900 2761 1129 2811 vocant.
1207 2753 1361 2811 Haee
1400 2755 1584 2828 igitur
1621 2755 1786 2821 talia,
1813 2756 2010 2828 qualia
2035 2754 2178 2821 dixi,
2201 2756 2384 2829 equi--

156 2836 295 2895 dem
326 2833 491 2889 vidi·
535 2828 653 2889 vidi
691 2847 831 2887 vero
866 2832 1049 2887 etiam
1096 2831 1187 2887 his
1230 2833 1447 2897 similia
1491 2833 1782 2906 Papremi,
1811 2835 1876 2891 in
1921 2833 2038 2889 mis
2081 2833 2188 2907 qui
2230 2852 2380 2893 cum·

154 2914 541 2976 Achaemene,
568 2910 739 2967 Darii
764 2908 911 2975 filio,
940 2910 1017 2967 ab
1040 2908 1221 2966 Inaro
1236 2911 1381 2969 Afro
1408 2913 1588 2969 occisi
1613 2923 1770 2969 sunt.

236 2996 338 3047 13.
376 2988 659 3063 AEgyptii
680 3005 755 3045 ex
776 2988 1004 3060 praelio,
1034 2995 1102 3045 ut
1142 2996 1308 3063 terga
1348 2998 1572 3045 vertere
1609 2990 1798 3045 eoacti
1835 2997 1991 3056 sunt,
2018 2989 2200 3045 effusa
2223 2989 2384 3065 fuga

154 3087 215 3125 se
251 3068 621 3143 proripuere.
693 3066 821 3128 Qui
844 3084 1030 3139 quum
1057 3066 1367 3141 Memphin
1408 3075 1608 3125 essent
1649 3067 1962 3140 compulsi,
1990 3068 2188 3141 ibique
2225 3084 2380 3123 eon·-

156 3148 331 3214 cluei,
358 3147 529 3207 misit
572 3144 646 3201 ad
696 3162 797 3201 eos
840 3162 945 3219 per
986 3141 1212 3205 flumen
1234 3145 1558 3221 Cambyses
1602 3162 1812 3203 navem
1853 3145 2276 3219 Mitylenoeam,
2301 3146 2366 3203 in

156 3244 277 3300 qua
316 3232 453 3286 erat
494 3224 840 3281 eaduceator
874 3240 1093 3298 genere
1132 3224 1332 3291 Persa,
1368 3226 1476 3297 qui
1517 3224 1588 3281 ad
1635 3224 1994 3282 deditionem
2035 3223 2370 3288 faciendam

154 3305 497 3363 hortaretur
520 3302 859 3377 AEgyptios.
932 3302 1013 3359 At
1038 3302 1147 3369 illi,
1172 3304 1277 3359 ubi
1304 3318 1518 3361 navem
1557 3300 1764 3362 vident
1787 3301 2098 3377 Memphin
2137 3303 2380 3361 intrati·-

161 3392 307 3449 tem,
354 3383 433 3439 de
474 3381 702 3440 castelli
743 3396 915 3439 muro
952 3380 1219 3439 universi
1244 3382 1411 3439 effiisi
1452 3383 1796 3446 decurrunt,
1837 3399 2048 3445 navem
2092 3381 2382 3455 perdunt,·

162 3462 547 3533 hominesque
572 3460 635 3515 in
656 3458 847 3515 frusta
870 3458 1191 3533 discerptos
1216 3461 1277 3517 in
1310 3477 1550 3517 murum
1589 3460 1913 3533 deportant.
1991 3459 2074 3517 Et
2096 3459 2384 3534 AEgyptii·

165 3541 431 3615 quidem,
458 3538 705 3613 posthac
730 3537 953 3595 obsessi
976 3536 1439 3612 oppugnatique,
1469 3539 1542 3594 ad
1567 3546 1894 3595 extremum
1919 3538 1984 3595 in
2006 3538 2367 3599 deditionem

162 3625 469 3679 venerunt.
569 3616 829 3677 Finitimi
880 3624 1081 3673 autem
1132 3616 1369 3691 Libyes,
1420 3617 1673 3691 AEgypti
1723 3625 1943 3675 sortem
1997 3618 2193 3683 veriti,
2243 3632 2366 3687 non

156 3704 387 3757 tentato
412 3712 713 3753 armorum
740 3694 997 3769 periculo
1038 3711 1166 3753 sese
1204 3696 1586 3761 tradiderunt,
1611 3694 1899 3755 tributum
1931 3696 2160 3753 solvere
2187 3710 2366 3767 spon-

156 3776 385 3843 dentes,
434 3782 499 3831 et
548 3774 705 3831 dona
753 3774 1077 3831 mittentes.
1172 3773 1449 3835 Simiiiter
1489 3775 1668 3831 etiam
1715 3763 1980 3847 C'yrenaei
2031 3781 2091 3830 et
2139 3771 2368 3831 Bareaei

156 3856 445 3921 feoemnt,
486 3853 697 3913 endem
734 3852 1015 3911 timentes
1054 3857 1229 3925 atque
1274 3853 1508 3927 Libyes.
1587 3851 1704 3909 Sed
1743 3852 2064 3943 Cambyses
2106 3850 2366 3925 Libyam

159 3935 397 4009 quidem
422 3933 581 3990 dona
609 3930 865 4005 benigne
890 3929 1147 4006 aceepit:
1182 3938 1243 3989 at
1268 3931 1764 4022 quaeaCyrenoeis
1781 3938 1948 3987 erant
1963 3930 2144 3985 missa
2167 3945 2368 4001 asper-
2378 3966 2387 3974 ·

154 4022 345 4081 natus,
390 4018 567 4087 puto,
608 4008 769 4084 quod
810 4009 1041 4085 exigua
1074 4020 1297 4077 essent,
1332 4028 1472 4069 nam
1514 4009 1874 4084 quingentas
1907 4006 2138 4081 argenti
2185 4006 2366 4065 libras

151 4094 431 4153 miserant
458 4087 769 4177 Cyoenaei3
812 4086 917 4147 has
964 4087 1169 4166 igitur,
1194 4106 1303 4147 sua
1342 4106 1530 4149 manu
1571 4088 1902 4164 prehensas,
1943 4084 2232 4145 militibus
2277 4086 2373 4147 di*

149 4171 517 4235 stzibnendas
542 4164 811 4246 projecit.
1248 4263 1275 4302 s
