2925 4992
548 332 661 387 10¹3
1094 314 1602 383 HERODOTI
1669 318 2039 381 HISTOR.
2081 322 2162 383 11.

629 488 761 542 115.
802 481 913 541 His
954 481 1171 539 auditis
1208 479 1437 538 Thonis
1479 479 1787 554 prehendit
1829 480 2249 547 Alexandrum,
2277 496 2574 575 navesque
2617 478 2753 554 ejus

546 565 791 623 retinet.
820 561 957 617 dein
986 568 1047 618 et
1072 561 1269 634 ipsum
1295 568 1355 616 et
1375 558 1673 615 Helenam
1700 566 1760 615 et
1787 576 1878 615 res
1905 559 2188 633 pretiosas
2213 558 2527 634 Memphin
2554 560 2753 631 duxit,

546 650 725 717 atque
750 641 929 699 etiam
970 639 1259 714 fugitivos
1282 638 1593 711 supplices
1671 638 1794 698 Qui
1831 638 1940 693 ubi
1965 637 2350 704 advenerunt,
2377 640 2652 713 quaesiv'it
2677 658 2756 698 ex

546 718 881 780 Alexandro
907 717 1178 783 Proteus,
1198 717 1329 791 quis
1352 723 1528 782 esset,
1551 722 1612 772 et
1633 715 1794 773 unde
1819 733 1959 771 cum
1979 716 2232 773 navibus
2253 717 2373 773 suis
2396 716 2755 775 advenisset.

542 800 627 859 Et
654 800 753 855 ille
780 814 955 855 suum
994 812 1184 871 genus
1209 794 1719 860 commemoravit,
1747 800 1808 849 et
1845 796 2054 869 patriae
2079 795 2226 851 dixit
2264 812 2526 867 nomen;
2573 804 2758 871 atque

546 876 941 953 navigationis
988 888 1250 942 cursum,
1290 881 1350 930 et
1392 872 1552 931 unde
1599 872 1919 939 advenerit,
1959 874 2253 947 exposuit.
2333 872 2563 930 Deinde
2607 892 2758 931 vero

542 959 941 1031 interrogante
967 952 1199 1020 Prote0,
1229 915 1522 1009 Helenam
1559 950 1720 1008 unde
1759 952 2096 1025 accepisset,
2123 952 2483 1009 titubantem
2521 954 2586 1008 in
2617 970 2758 1009 ora-

543 1038 728 1101 tione,
758 1050 868 1091 nec
894 1048 1032 1088 vera
1056 1032 1420 1104 loquentem,
1440 1029 1844 1105 coarguebant
1869 1030 2112 1105 fugitivi
2137 1031 2452 1105 supplices,
2467 1038 2530 1087 et
2555 1040 2755 1090 totam

545 1113 777 1171 sceleris
826 1111 1110 1167 rationem
1158 1110 1283 1183 regi
1336 1115 1704 1197 aperuerunt.
1783 1108 1871 1164 Ad
1919 1115 2252 1165 extremum
2299 1108 2546 1167 Proteus
2596 1112 2757 1168 hanc

548 1191 907 1253 sententiam
932 1185 1380 1262 pronunciavit·
1428 1183 1644 1249 “Nisi
1670 1190 1824 1261 ego,’
1829 1188 2084 1261 inquit,
2111 1192 2158 1221 “
2183 1188 2428 1245 maximi
2449 1188 2754 1257 ducerem,

547 1276 594 1305 “
618 1270 849 1327 nullum
878 1265 1175 1323 hominem
1202 1266 1579 1341 peregrinum
1605 1265 1891 1332 occidere,
1919 1266 2024 1343 qui
2049 1272 2358 1323 ventorum
2387 1267 2448 1321 vi
2475 1269 2756 1341 compul-

545 1355 589 1384 “
614 1366 717 1407 sus
740 1364 935 1403 meam
962 1353 1177 1402 terram
1204 1344 1563 1410 accessisset,
1579 1360 1618 1397 a
1643 1350 1702 1399 te
1727 1360 1838 1417 pro
1851 1345 2060 1400 Graeco
2085 1344 2190 1399 illo
2215 1362 2418 1419 poenas
2443 1342 2756 1403 sumturus

568 1435 795 1492 ‘eram,
820 1425 942 1499 qui,
970 1441 1009 1480 o
1041 1423 1351 1480 hominum
1390 1421 1819 1490 scelestissime,
1852 1422 2108 1495 hospitio
2149 1422 2408 1499 benigne
2445 1432 2755 1499 exceptus,

546 1512 591 1543 “
545 1436 846 1566 ‘facinus
888 1502 1390 1577 improbissimum
1432 1500 1760 1559 admisisti.
1817 1501 1908 1558 Ad
1947 1501 2036 1556 tui
2076 1500 2324 1575 hospitis
2361 1518 2610 1559 uxorem
2655 1504 2755 1559 in·-

546 1592 591 1621 “
616 1584 821 1653 tra-sti,
805 1608 818 1620 ·
866 1588 927 1638 et
973 1582 1085 1638 hoe
1130 1580 1359 1655 flagitio
1402 1597 1522 1635 ιιοιι
1561 1585 1891 1646 contentae,
1923 1580 2042 1637 tuis
2081 1579 2388 1637 fraudibus
2433 1582 2756 1651 excitatam

546 1669 595 1699 “
622 1670 970 1736 raptamque
992 1659 1308 1717 abduxisti.
1388 1658 1518 1715 Nec
1539 1658 1654 1715 hoc
1679 1658 1789 1715 tibi
1815 1657 1956 1715 satis
1987 1658 2123 1724 fuit,
2155 1658 2256 1715 sed
2295 1659 2474 1715 etiam
2499 1659 2756 1717 domum

547 1743 713 1798 “tui
747 1740 992 1833 hospitis
1032 1738 1395 1813 exspoliasti,
1424 1737 1632 1811 hisque
1669 1754 1809 1793 cum
1849 1736 2054 1810 spoliis
2092 1737 2210 1792 huc
2235 1736 2462 1793 venisti.
2539 1737 2755 1807 Nunc,

547 1827 594 1856 “
620 1820 901 1893 quoniam
930 1834 1157 1891 semper
1182 1816 1329 1874 mihi
1352 1832 1509 1872 curae
1541 1816 1660 1872 fuit
1694 1813 1988 1891 hospitem
2027 1814 2258 1873 nullum
2299 1816 2580 1884 occidere,
2607 1824 2756 1874 mu-

548 1901 597 1939 “
620 1899 824 1957 liorem
850 1895 1089 1969 quidem
1114 1896 1269 1950 hanc
1294 1902 1472 1967 atque
1495 1910 1638 1967 opes
1667 1908 1792 1949 non
1819 1901 1879 1949 te
1903 1894 2097 1950 sinam
2129 1893 2270 1949 hinc
2311 1894 2618 1962 abducere,
2649 1896 2756 1953 sed

546 1982 593 2013 “
619 1976 747 2034 haec
766 1992 880 2050 ego
904 1974 1113 2030 Groeco
1140 1972 1229 2028 illi
1254 1972 1526 2039 servabo,
1555 1972 1778 2027 donec·
1761 1987 1886 2044 ipse
1910 1972 2152 2028 veniens
2175 1973 2430 2049 recipere
2452 1974 2751 2033 voluerit.

546 2060 595 2091 “
620 2052 732 2113 tibi
750 2070 891 2109 vero
912 2059 974 2108 et
994 2051 1391 2127 navigationis
1414 2050 1588 2107 sociis
1611 2042 1795 2117 edico,
1811 2056 1880 2106 ut
1903 2051 2058 2109 intra
2081 2051 2344 2108 triduum
2373 2068 2506 2109 mea
2531 2071 2566 2109 e
2591 2061 2758 2127 terra

546 2140 590 2171 “
614 2134 679 2191 in
704 2133 884 2190 aliam
911 2130 1240 2206 navigetis·
1286 2129 1377 2185 sin
1402 2130 1626 2195 minus,
1655 2145 1762 2201 pro
1787 2127 2058 2185 hostibus
2081 2146 2190 2185 vos
2215 2130 2506 2189 habebol’

548 2236 559 2245 ·
629 2216 764 2271 116.-
801 2210 983 2269 Hunc
1010 2208 1191 2265 fuisse
1215 2208 1438 2263 Helenae
1462 2209 1612 2279 apud
1640 2208 1902 2263 Proteum
1927 2209 2219 2263 adventum
2243 2209 2442 2269 dixere
2479 2211 2756 2268 sacerdo..

456 2303 461 2307 '
542 2300 652 2349 tes.
700 2288 951 2364 Videtur
975 2295 1173 2345 autem
1200 2287 1347 2343 mihi
1374 2286 1674 2343 Homerus
1695 2284 1962 2343 eamdem
1989 2286 2286 2344 audivisse
2307 2290 2746 2347 narrationem·
2728 2316 2748 2369 3

458 2398 463 2403 ·
544 2370 672 2437 sed,
718 2368 1003 2444 quoniam
1049 2382 1173 2423 non
1211 2364 1502 2432 similiter,
1537 2372 1716 2439 atque
1755 2365 1940 2420 altera
1979 2366 2256 2433 narratio,
2281 2366 2760 2427 adcommodata

546 2455 699 2508 esset
722 2448 889 2523 epico
906 2444 1176 2510 carmini,
1198 2443 1413 2499 ideirco
1442 2460 1574 2499 eam
1601 2442 1940 2511 deseruisse,
1961 2444 2046 2499 ita
2067 2451 2267 2501 tamen
2293 2453 2360 2502 ut
2385 2440 2757 2521 si'gnificaret

546 2535 755 2587 notam
798 2524 911 2581 sibi
958 2540 1093 2580 eam
1134 2522 1337 2579 fuisse.
1437 2515 1696 2594 Adparet
1737 2538 1878 2577 vero
1932 2522 2045 2579 hoc
2087 2540 2162 2583 ex
2203 2523 2486 2581 itinerum
2525 2525 2758 2597 ratione

545 2604 881 2669 Alexandri,
910 2618 1087 2676 quam
1116 2600 1177 2656 in
1207 2596 1391 2656 Iliade
1416 2600 1743 2673 proposuit,
1775 2602 1913 2675 (nec
1935 2616 2078 2657 vero
2102 2618 2355 2676 usquam
2393 2601 2536 2659 alibi
2565 2612 2756 2661 retra-

543 2684 757 2756 ctavit)
786 2681 897 2737 ubi
932 2681 1036 2747 ait,
1059 2696 1247 2753 quum
1288 2696 1395 2752 per
1432 2676 1550 2734 alia
1584 2678 1718 2735 loca
1755 2694 1894 2735 eum
1933 2694 2175 2746 errasse,
2204 2680 2499 2739 Helenam
2544 2698 2754 2742 secum

546 2763 885 2825 ducentem,
910 2766 1044 2837 tum
1084 2756 1361 2813 Sidonem
1402 2756 1470 2812 in
1501 2756 1805 2815 Phoenicia
1843 2756 2156 2831 adpulisse.
2231 2760 2512 2819 Meminit
2547 2769 2760 2838 autem

543 2836 725 2917 hujus
750 2839 835 2897 rei
856 2838 921 2895 in
947 2833 1700 2911 Diomedisfortibusfactis,
1727 2836 1831 2893 ubi
1856 2836 1963 2894 hos
1994 2838 2196 2911 posuit
2217 2855 2459 2897 versus·

864 2980 1109 3030 Pietunta
1127 2950 1315 3027 inerant
1336 2978 1405 3025 ibi
1426 2979 1590 3039 pallia,
1625 2976 1830 3041 [pepla]
1861 2979 1987 3027 facta
2005 2980 2176 3042 puellis

868 3046 1094 3102 Sidoniis,
1120 3059 1236 3105 quas
1259 3045 1359 3105 ipse
1381 3046 1512 3091 Paris
1535 3045 1770 3091 formosus
1793 3043 1852 3090 ab
1870 3044 1988 3092 urbe

868 3110 1063 3157 Sidonia
1076 3077 1237 3167 ’duxit,
1260 3110 1447 3156 sulcans
1470 3110 1590 3156 freta
1610 3110 1708 3155 lata
1729 3103 1920 3167 carinis,

870 3176 1038 3235 Quum
1059 3175 1223 3222 retulit
1242 3175 1427 3236 magnis
1452 3174 1687 3222 Helenam
1709 3174 1947 3223 natalibus
1970 3177 2138 3241 ortam,

470 3254 473 3259 Ι
524 3248 827 3351 *Meminit
850 3302 1085 3360 quoque
1111 3284 1178 3341 in
1207 3284 1492 3358 Odyssea,
1517 3284 1608 3341 his
1631 3284 1934 3353 versibus·
1919 3324 1934 3355 ,

870 3409 993 3457 Hoec
1013 3410 1184 3469 habuit
1204 3410 1325 3456 Jove
1343 3414 1457 3467 nata
1478 3415 1670 3471 peropto
1691 3415 1857 3471 parata
1877 3426 2079 3475 venena,
2181 3442 2202 3469 0

870 3476 995 3526 Qum
1017 3462 1306 3536 Polydorum
1326 3476 1419 3523 sibi
1440 3476 1626 3533 Thonis
1649 3477 1906 3525 donaverat
1929 3494 2049 3535 uxor,

796 3540 1114 3603 .AEgyptis,
1138 3541 1225 3588 ubi
1244 3545 1371 3589 terra
1390 3542 1521 3587 ferax
1541 3542 1634 3591 fert
1653 3543 1858 3603 plurim·
1877 3544 2068 3592 mixtim

865 3606 1029 3653 Multa
1046 3606 1235 3667 quidem
1256 3606 1424 3669 proba,
1447 3608 1603 3668 mults
1621 3607 1766 3655 etiam
1787 3608 2015 3659 damnosa
2035 3622 2234 3659 venena.

492 3746 497 3749 ·
541 3722 701 3783 Tum
728 3720 908 3779 etiam
935 3720 1084 3789 haec,
1113 3720 1321 3779 eodem
1350 3722 1694 3796 spectantia,
1725 3722 2080 3783 Telemacho
2105 3724 2246 3781 dicit
2271 3722 2626 3795 Menelaus3

852 3848 987 3896 ίΙ-Ῑιιιι
1004 3848 1148 3895 etiam
1169 3849 1379 3909 AEgypto
1398 3848 1465 3894 dii
1485 3863 1563 3907 me
1583 3852 1778 3896 tenuem
1797 3851 1968 3907 reverti

867 3914 1153 3972 Conantem,
1176 3913 1348 3973 quibus
1372 3914 1501 3961 haud
1521 3915 1723 3965 tuleram
1745 3916 1960 3968 solennia
1981 3930 2128 3964 sacra.

542 4023 779 4087 Quibus
803 4021 1068 4083 versibus
1090 4024 1349 4082 declarat
1388 4032 1582 4098 poeta,
1611 4027 1940 4105 cognitam
1941 4027 2052 4085 sibi
2075 4028 2260 4087 fuisse
2287 4028 2618 4097 Alexandri,
2647 4044 2758 4104 per

543 4103 733 4161 maria
769 4106 1036 4171 errantis,
1078 4104 1401 4160 adventum
1445 4106 1511 4160 in
1539 4102 1917 4189 AEgyptum·
1965 4108 2210 4165 confinis
2249 4109 2409 4165 enim
2447 4116 2541 4163 est
2581 4070 2755 4183 S’yria

540 4180 839 4260 AEgypto.
880 4180 1188 4242 Plioenices
1212 4191 1434 4253 autem,
1462 4200 1716 4256 quorum
1741 4192 1833 4243 est
1857 4182 2106 4257 Sidon,
2089 4203 2154 4245 ιιι
2181 4186 2353 4263 Syria
2375 4185 2670 4247 habitant.
