2925 4992
1128 294 1505 355 URANIA.
2299 300 2416 356 37⁷

277 450 378 508 47.
419 449 583 513 Quos
610 449 805 511 adhuc
829 452 1155 509 memoravi
1184 470 1405 527 pugnae
1444 455 1518 509 ad
1563 452 1860 511 Salamina
1883 454 2086 521 sociOS,
2115 456 2176 512 hi
2205 474 2414 515 omnes

195 528 347 590 eitra
396 528 805 605 Thespi-otiam
850 538 914 589 et
961 530 1359 590 Acherontem
1410 530 1661 589 fluvium
1721 532 2031 589 habitant:
2099 535 2412 611 Thesproti

194 606 357 666 enim
387 608 623 667 finitimi
664 616 805 665 sunt
824 610 1217 684 Ampraciotis
1242 619 1300 666 et
1324 610 1656 676 LeucadiiS,
1686 612 1786 683 qui
1815 629 1889 667 ex
1913 612 2142 669 ultimis
2170 615 2411 671 Graeciae

192 684 537 761 regionibus
564 687 900 745 adfuerunt.
978 688 1075 745 Ex
1098 688 1189 745 his
1217 707 1356 746 vero
1398 691 1501 763 qui
1545 690 1701 747 ultra
1741 690 2030 758 incolunt,
2060 694 2172 749 soli
2201 694 2410 751 Croto-

188 766 371 823 niatae
415 766 603 834 fuere,
632 768 735 841 qui
776 768 1129 841 periclimti
1172 777 1572 825 succurrerent
1597 769 1858 837 Graeciae,
1907 778 1967 826 et
2006 787 2131 827 una
2171 773 2410 845 quidem

186 862 371 911 nave,
400 846 491 901 cui
521 846 760 921 praefuit
802 846 890 901 vir
915 838 1376 920 &Pythion-um
1416 848 1810 905 certaminum
1854 849 2056 917 victor,
2088 850 2364 925 Phayllus
2391 875 2402 907 :

184 931 333 981 sunt
362 931 565 983 autem
594 926 953 983 Crotoniatae
976 926 1207 1001 origine
1228 925 1443 983 Achaei.
2358 976 2372 993 ,

266 1005 369 1057 48.
408 1001 549 1061 Jam
586 1003 793 1077 reliqui
832 1003 1093 1077 quidem,
1123 1021 1271 1077 quos
1311 1004 1658 1071 memoravi,
1688 1006 1950 1063 triremes
1993 1011 2400 1083 praebuerunt;

182 1078 364 1137 Melii
405 1099 544 1138 vero
587 1090 651 1141 et
696 1080 925 1157 Siphnii
966 1090 1025 1139 et
1072 1083 1323 1157 Seriphii
1370 1092 1860 1157 penteconteros5
1917 1088 2005 1159 [id
2045 1097 2142 1157 est,
2190 1091 2405 1165 longas

184 1176 373 1218 naves
414 1162 589 1217 remis
641 1162 1067 1237 quinquaginta
1102 1163 1419 1221 instructas
1442 1162 1490 1235 ε]
1535 1170 1596 1219 et
1641 1164 1810 1220 Melii
1859 1167 2116 1237 quidem,
2141 1187 2332 1243 genus
2372 1189 2408 1225 a

179 1237 619 1296 Lacedaemone
658 1240 1007 1307 derivantes,
1035 1239 1181 1297 duas
1223 1242 1560 1315 praebuere3
1605 1241 1840 1317 Siphnii
1867 1262 2004 1301 vero
2046 1256 2106 1305 et
2133 1248 2404 1322 Seripbii,

178 1315 369 1373 Iones
410 1318 487 1374 ab
531 1317 775 1376 Athenis
816 1320 1109 1396 originem
1160 1320 1463 1389 ducentes,
1493 1321 1727 1394 utrique
1765 1339 1962 1378 unam.
2041 1324 2182 1383 Fuit
2205 1336 2404 1384 autem

178 1398 475 1453 universus
518 1402 741 1455 navium
785 1416 1057 1467 nummu,
1100 1398 1313 1457 demtis
1359 1399 1812 1474 penteconteris,
1859 1409 2130 1461 trecentae
2171 1413 2404 1480 septua-

228 1476 291 1531 in
300 1483 363 1529 ta
388 1484 451 1531 et
472 1486 624 1533 octo,

174 1492 223 1551 g
262 1556 364 1609 49.
407 1554 489 1611 Ut
534 1558 608 1611 ad
654 1556 986 1613 Salaminem
1032 1548 1312 1614 c6nvenit
1359 1576 1433 1615 ex
1474 1558 1784 1633 praedictis·
1811 1559 2146 1617 civitatibus
2191 1564 2400 1631 classi&

172 1632 581 1691 deliberarunt
608 1635 807 1701 duces,
836 1643 1081 1709 rogante
1108 1636 1441 1709 Eurybiade
1485 1644 1557 1694 ut
1600 1639 1948 1695 sententiam
1983 1639 2200 1697 diceret
2240 1640 2400 1715 quis-

174 1712 323 1784 quis
350 1712 550 1780 vellet,
580 1732 685 1786 quo
710 1715 825 1771 loc-o
844 1717 1351 1787 opportunissimum
1374 1718 1649 1773 videretur
1666 1734 1854 1791 pugna
1883 1719 2072 1775 navali
2099 1720 2398 1791 decernere,

174 1808 247 1846 ex
272 1794 351 1847 eis
389 1810 577 1865 nempe
604 1794 733 1849 locis
775 1811 891 1865 quae
938 1797 993 1849 in
1034 1796 1273 1865 ipsorum
1313 1802 1486 1851 essent
1517 1802 1823 1867 potestate:
1855 1792 1986 1864 jam
2015 1799 2176 1853 enim
2203 1800 2400 1857 Attica

172 1884 297 1943 pro‘
318 1869 595 1927 derelicta
636 1880 799 1929 erat:
842 1873 1039 1945 itaque
1088 1872 1161 1927 de
1204 1873 1438 1946 reliquis
1480 1873 1625 1929 locis
1673 1874 1922 1949 rogavit.
2004 1876 2081 1931 Et
2108 1878 2398 1953 pleraeque

168 1966 415 2017 eorum,
444 1950 543 2023 qui
568 1951 745 2007 verba
770 1950 1052 2017 fecerunt,
1080 1952 1140 2007 in
1182 1952 1297 2008 hoc
1332 1952 1748 2027 congruebant
1785 1956 2116 2021 sententiae,
2145 1959 2216 2013 cd
2243 1957 2394 2013 Isth-

170 2046 333 2085 mum
372 2031 743 2101 navigandum
782 2036 997 2095 esae,.et
1038 2037 1167 2085 ante
1192 2032 1620 2105 Peloponnesum
1655 2033 1845 2089 navali
1871 2052 2064 2107 pugna
2104 2037 2393 2095 decernen-

172 2109 351 2165 dum:
392 2102 561 2178 cujus
584 2108 885 2165 sententiae
930 2109 1080 2165 hanc
1126 2110 1414 2167 rationem
1460 2111 1796 2177 reddebant,
1843 2121 1882 2143 “
1915 2114 2096 2185 quod,
2123 2116 2172 2171 si
2203 2116 2397 2173 inferi-

174 2192 227 2218 “
260 2203 393 2241 ores
420 2204 494 2241 ex
525 2205 728 2262 pugna
757 2188 1190 2259 discessissent,
1220 2197 1279 2245 et
1322 2189 1618 2245 Salamine
1659 2198 1869 2257 essent,
1897 2192 2304 2251 obsiderentur
2330 2197 2392 2252 in

173 2272 225 2296 “
258 2265 475 2336 insula,
496 2264 599 2321 ubi
628 2266 858 2322 nullum
888 2266 1027 2339 ipsis
1052 2268 1327 2338 adparere
1354 2268 1682 2323 subsidium
1711 2277 1906 2340 posset
1926 2294 1944 2339 3
1993 2270 2066 2325 ad
2096 2271 2392 2331 Isthmum

171 2350 220 2375 “
246 2360 413 2410 vero,
442 2344 513 2399 ad
544 2363 682 2402 suos
710 2362 771 2402 se
798 2352 1041 2419 possent
1066 2345 1217 2401 salvi
1242 2346 1552 2419 recipere.’⁹

166 2470 173 2476 .
258 2426 355 2479 ⁵0.
398 2422 561 2479 Dum
620 2425 703 2481 ita
750 2424 929 2481 duces
981 2423 1546 2497 Peloponnesiorum
1609 2422 1936 2499 disputant,
2001 2425 2240 2485 advenit
2301 2432 2392 2488 vir

169 2502 573 2567 Atheniensis,
602 2503 887 2559 nuncians
928 2504 985 2557 in
1012 2500 1257 2559 Atticam
1284 2505 1586 2575 ingressum
1618 2522 1727 2559 esse
1766 2504 2097 2569 Barbarum,
2128 2515 2180 2563 et
2221 2516 2392 2567 totam

168 2584 449 2653 regionem
472 2584 597 2653 igne
622 2588 851 2637 vastare.
932 2581 1172 2655 Quippe
1196 2583 1482 2639 exercitus
1513 2600 1632 2639 una
1659 2600 1795 2639 cum
1814 2582 2033 2651 Xerxe,
2061 2580 2266 2645 itinere
2290 2607 2394 2663 per

168 2661 471 2717 Boeotiam
500 2660 679 2727 facto,
708 2661 943 2715 incensa
970 2660 1431 2734 Thespiensium
1470 2662 1642 2728 urbe,
1673 2662 1776 2735 qui
1815 2662 1878 2718 in
1918 2662 2387 2737 Peloponnesum

167 2756 237 2795 se
280 2746 641 2811 receperant,
672 2740 927 2812 itemque
954 2739 1375 2797 Plataeensium
1413 2741 1586 2806 urbe,
1614 2740 1872 2797 Athenas
1919 2742 2238 2815 profectuS,
2259 2764 2388 2803 om·

171 2820 277 2872 nia
302 2818 463 2873 illius
490 2818 747 2892 regionis
785 2817 917 2874 loca
953 2819 1272 2877 evastabat.
1350 2819 1700 2881 Incenderat
1739 2827 1939 2877 autem
1979 2820 2301 2896 Thespiam
2329 2834 2387 2882 et

168 2896 479 2963 Plataeam,
508 2896 659 2970 quod
688 2914 725 2953 a
747 2896 1045 2953 Thebanis
1074 2898 1353 2963 audisset,
1384 2915 1522 2955 cum
1543 2898 1740 2955 Medis
1763 2898 1898 2958 illos
1924 2916 2044 2955 non
2075 2901 2308 2961 sentire.

256 2980 353 3029 51.
396 2978 445 3031 A
474 2974 725 3031 transitu
766 2974 1167 3049 Hellesponti,
1194 2976 1351 3033 unde
1396 2977 1510 3033 iter
1549 2976 1740 3033 facere
1781 2985 2082 3051 coeperant
2123 2979 2388 3051 Barbari,

173 3016 499 3127 postquffl
524 3055 607 3109 ibi
636 3055 821 3109 unum
850 3072 1114 3111 mensem
1146 3063 1310 3111 erant
1335 3056 1572 3121 morati,
1601 3073 1722 3129 quo
1745 3052 1810 3111 in
1837 3056 2142 3129 Europam
2170 3062 2385 3117 transi-

174 3141 381 3199 erunt,
415 3133 601 3189 tribus
632 3134 911 3205 proximis
938 3134 1241 3190 mensibus
1268 3134 1327 3189 in
1353 3134 1548 3191 Attica
1573 3134 1907 3201 adfuerunt,
1936 3144 2181 3209 praetore
2206 3138 2386 3197 Athe·

164 3212 471 3268 niensium
522 3212 799 3269 Calliade.
904 3211 1429 3285 Deprehenderunt
1485 3218 1684 3271 autem
1739 3231 1986 3271 vacuam
2039 3216 2270 3285 urbem,
2325 3227 2384 3276 et

163 3308 394 3365 paucos
454 3290 741 3363 quosdam
794 3290 1241 3349 Atheniensium
1295 3292 1360 3347 in
1414 3293 1639 3365 templo
1690 3298 2011 3360 versantes,
2063 3304 2382 3367 quaestores

162 3370 403 3443 templi,
430 3376 495 3425 et
534 3386 814 3443 pauperes
856 3370 1169 3428 nonnullos
1208 3371 1516 3439 homines3
1551 3372 1662 3445 ‚qui
1701 3388 1832 3429 arce
1871 3372 2163 3431 asseribus
2203 3384 2382 3451 atque

161 3448 318 3523 palis
344 3457 638 3523 praesepta
660 3449 939 3505 arcebant
964 3450 1296 3507 subeuntes.
1376 3448 1461 3507 Hi
1507 3459 1566 3505 et
1609 3450 1686 3507 ob
1729 3450 1917 3507 victus
1965 3451 2226 3526 inopiam
2254 3473 2380 3515 sese

162 3524 525 3585 Salaminem
552 3546 676 3585 non
720 3535 1076 3599 receperant,
1106 3537 1165 3585 et
1204 3528 1359 3603 quod
1404 3546 1468 3585 se
1507 3527 1664 3587 solos
1705 3529 2106 3588 existimarent
2135 3544 2375 3591 senten·

160 3606 315 3663 tiam
362 3607 643 3680 reperisse
668 3606 889 3663 oraculi
918 3624 953 3662 a
981 3607 1191 3681 Pythia
1216 3608 1379 3673 editi,
1425 3614 1466 3640 “
1488 3607 1760 3683 ligneum
1797 3626 2034 3667 murum
2073 3612 2376 3685 insupera-

163 3690 211 3717 “
240 3685 425 3743 bilem
454 3686 582 3743 fore
601 3689 657 3755 ;‘’
692 3703 907 3760 nempe
932 3686 1046 3743 hoc
1072 3686 1269 3760 ipsum
1294 3702 1421 3761 esse
1447 3694 1672 3744 certum
1699 3686 1848 3744 illud
1875 3688 2190 3766 refugium,
2219 3692 2375 3765 quod

160 3764 407 3822 oraculo
434 3765 834 3840 significatum
860 3772 1030 3832 esset,
1062 3782 1181 3821 non
1209 3782 1405 3821 naves.

242 3848 341 3901 52.
386 3844 579 3901 Persae
618 3860 778 3911 veru,
806 3844 1007 3900 castris
1048 3844 1113 3900 in
1158 3842 1391 3900 tumulo
1430 3845 1638 3917 positis
1664 3862 1738 3901 ex
1760 3846 2006 3905 adverso
2043 3843 2192 3903 arcis
2237 3846 2375 3919 sito,

160 3940 344 3998 quem
390 3924 765 3999 Areopagum
824 3920 1139 3997 [Martium
1185 3922 1515 3995 tumulum]
1547 3932 1782 3992 vocant,
1827 3926 1940 3981 hoc
1984 3924 2162 3981 modo
2206 3926 2374 3997 illam

158 4010 627 4079 oppugnarunt:
695 4009 935 4075 stupam
978 4002 1213 4076 sagittis
1264 4002 1686 4060 circumdatam
1731 4002 2143 4073 incendebant,
2195 4014 2372 4083 atque

158 4080 249 4139 ita
275 4082 525 4159 sagittas
566 4074 854 4138 adversus·
874 4078 1099 4136 vallum
1134 4078 1568 4153 jaculabantur.
1647 4082 1724 4139 At
1769 4083 2094 4163 oppugnati
2121 4082 2372 4145 Atheni·

158 4178 357 4236 enses,
390 4161 465 4219 ad
492 4168 822 4221 extremum
848 4158 989 4217 licet
1014 4159 1241 4220 malum
1276 4160 1519 4230 redacti,
1545 4161 1782 4220 fallente
1821 4178 1924 4219 eos
1971 4161 2150 4232 etiam
2188 4168 2369 4236 vallo,

1202 4242 1307 4306 39

54 4332 239 4491 0.
