2925 4992
532 304 614 363 ⁹⁶
1084 294 1592 361 nnnono'n
1657 295 2028 371 nlsaeon.
2085 298 2174 360 11.

517 475 697 533 quam
728 455 997 532 proxime
1029 464 1301 531 possunt,
1328 474 1409 515 ne
1432 476 1472 513 a
1494 458 1591 515 via
1613 457 1884 519 aberrent
1923 468 2160 535 propter
2181 458 2446 527 fluminis
2471 474 2736 521 cursum.

520 536 773 599 Quando
796 554 937 593 vero
962 538 1167 611 augeri
1203 534 1413 611 incipit
1446 536 1645 603 Nilus,
1677 546 1810 595 tum
1849 554 1998 595 cava
2031 548 2200 597 terrae
2237 539 2370 595 loca
2393 548 2456 597 et
2493 542 2734 600 lacuna

520 610 703 673 fluvio
725 615 929 671 vicinae
954 614 1213 688 primum
1240 615 1529 689 incipiunt
1555 615 1786 689 repleri,
1810 618 2145 689 percolante
2168 634 2323 691 aqua
2343 635 2418 675 ex
2445 620 2694 677 flumine
2714 633 2736 675 ε

518 703 583 751 et
607 706 785 769 prout
808 693 911 749 illa
934 693 1067 749 loca
1090 689 1435 767 implentur,
1460 696 1748 751 continuo
1765 696 2044 766 minutis*
2055 696 2349 771 pisciculis
2390 697 2562 770 plena
2587 704 2738 755 suut

520 774 741 831 omnia.
825 771 908 827 Hi
934 772 1197 847 pisciculi
1223 772 1275 827 si
1302 772 1459 829 unde
1487 774 1756 847 oriantur
1777 776 2014 847 quaeris,
2037 776 2241 833 videor
2265 775 2416 831 mihi
2453 776 2736 850 equidem

520 851 1011 909 verisimillimam
1049 851 1199 907 hanc
1242 868 1508 907 caussam
1553 852 1922 909 intellexisse.
2001 853 2306 927 Super-iore
2349 871 2534 921 anno,
2567 863 2740 929 post-

522 947 703 1005 quam
730 930 975 995 deficere
998 929 1175 1003 coepit
1201 928 1397 997 Nilus,
1426 930 1617 1005 pisces
1639 930 1839 987 ovain
1877 932 2089 989 limum
2117 932 2530 1007 deposuerunt,
2549 942 2620 1000 ,et
2651 933 2758 989 si·-

519 1009 650 1067 mul
676 1028 813 1065 cum
852 1018 1151 1081 postrema
1184 1009 1634 1080 aqua'abierunt
1663 1030 1678 1065 2
1723 1026 1900 1079 nunc,
1927 1009 2160 1084 quando
2189 1020 2453 1084 tempore
2479 1012 2738 1069 circum-

520 1099 652 1145 acto
689 1087 837 1143 redit
876 1104 1045 1161 aqua,
1072 1103 1145 1143 ex
1182 1088 1309 1143 ovis
1351 1084 1477 1143 istis
1517 1088 1785 1161 protinus
1825 1087 1887 1145 hi
1926 1090 2192 1164 pisciculi
2233 1096 2564 1147 nascuntur.
2645 1089 2732 1147 Et

524 1166 677 1223 circa
696 1168 872 1240 pisces
892 1165 1129 1239 quidem
1158 1165 1243 1223 ita
1266 1182 1333 1221 se
1356 1183 1445 1222 res
1471 1166 1664 1225 habet.
2605 1208 2610 1213 .

602 1250 704 1303 94.
747 1246 876 1299 Oleo
902 1251 1151 1301 utuntur
1188 1244 1251 1299 hi
1290 1262 1365 1301 ex
1389 1244 1692 1319 AEgyptiis
1731 1245 1835 1320 qui
1865 1246 2021 1303 circa
2060 1248 2302 1321 paludes
2340 1247 2632 1314 habitant,
2661 1264 2740 1303 ex

518 1321 727 1380 'fructu
773 1324 1247 1397 sillicypriorum,
1288 1322 1446 1395 quod
1499 1324 1638 1379 Kiki
1688 1332 1904 1381 vocant
1947 1322 2242 1401 AEgyptii‚
2278 1334 2618 1401 petantque
2675 1326 2748 1381 in

524 1402 691 1461 hunc
718 1401 983 1459 modum.
1024 1400 1121 1458 Ad
1148 1400 1461 1459 fluminum
1491 1410 1552 1459 et
1577 1410 1922 1477 stagnorum
1951 1404 2104 1477 ripas
2131 1415 2334 1461 serunt
2358 1406 2486 1473 haec
2511 1399 2738 1478 sillicy-

522 1482 672 1556 pria,
698 1498 831 1555 quae
855 1480 1029 1553 apud
1078 1480 1313 1536 Graecos
1360 1488 1570 1554 sponte
1611 1490 1949 1539 nascuntur.
2031 1484 2262 1541 Haecin
2289 1484 2559 1559 AEgypto
2585 1490 2742 1549 sata,

524 1556 801 1639 ‘fructum‘
824 1560 1021 1617 ferunt
1060 1575 1283 1633 magna
1321 1560 1518 1634 copia,
1545 1562 1644 1617 sed
1685 1562 2156 1637 graveolentum.
2230 1561 2418 1619 Hunc
2452 1562 2540 1619 illi
2567 1562 2742 1619 oolli-

524 1647 705 1717 gunt,
736 1646 797 1693 et
822 1646 1139 1694 contusum
1166 1636 1550 1711 exprimunt3
1596 1639 1860 1695 nonnulli
1899 1642 2079 1697 etiam
2123 1648 2344 1699 tostum
2369 1648 2738 1713 excoquunt,
2779 1695 2784 1700 .

526 1732 586 1775 et
612 1718 763 1791 quod
780 1714 995 1774 'defluit
1024 1716 1335 1789 colligunt.
1388 1716 1502 1773 Est
1527 1725 1727 1773 autem
1753 1719 2000 1793 pingue,
2023 1726 2083 1775 et
2110 1719 2366 1777 lucernae
2395 1737 2510 1776 non
2541 1719 2746 1777 minus

526 1796 909 1857 commodum
936 1813 1119 1869 quam
1142 1794 1453 1853 olivarium
1483 1796 1680 1853 oleum
1703 1821 1718 1865 3
1763 1798 1862 1855 sed
1893 1816 2137 1873 gravem
2165 1800 2396 1873 spargit
2417 1798 2684 1855 odorem.

604 1880 701 1951 95<
730 1874 1019 1931 Adversus
1048 1874 1261 1938 culices,
1290 1890 1544 1947 quorum
1567 1892 1790 1951 magna
1815 1876 1904 1933 vis
1929 1886 2042 1945 est,
2063 1877 2176 1934 hoc
2200 1885 2447 1935 utuntur
2471 1876 2744 1944 invento.

532 1954 650 2019 Qui
694 1954 965 2027 regiones
1005 1950 1321 2031 paludibus
1360 1953 1688 2027 superiores
1727 1954 2013 2022 incolunt,
2039 1957 2148 2013 hos
2179 1952 2396 2026 juvant
2435 1971 2652 2021 turres,
2679 1955 2748 2011 in

528 2051 671 2107 quas
696 2028 1005 2108 dormituri
1028 2030 1388 2088 adscendunt
1405 2057 1431 2105 3.
1458 2050 1596 2087 nam
1626 2051 1662 2089 a
1687 2035 1882 2090 ventis
1909 2035 2294 2107 prohibentur
2314 2034 2530 2091 culices
2559 2033 2746 2091 altius

527 2112 743 2167 volare,
786 2110 906 2171 Qui
933 2127 1072 2165 vero
1099 2109 1252 2165 circa
1276 2110 1522 2183 paludes
1543 2109 1839 2185 habitant,
1855 2113 1919 2169 hi
1944 2114 2194 2169 turrium
2218 2114 2352 2169 loco
2378 2114 2489 2169 hac
2511 2112 2748 2185 ratione

528 2208 655 2247 sese
680 2189 983 2248 muniunt.
1033 2188 1297 2248 Quilibet
1323 2190 1415 2245 vir
1438 2197 1562 2245 rete
1587 2191 1864 2263 possidet,
1891 2208 2010 2264 quo
2037 2210 2142 2267 per
2167 2191 2323 2249 diem
2345 2192 2536 2265 pisces
2557 2208 2746 2247 vena-

530 2268 646 2333 tur,
677 2276 859 2326 noctu
888 2275 1084 2325 autem
1112 2266 1333 2325 eodem.
1347 2268 1540 2324 utitur
1563 2268 1624 2324 in
1649 2270 1830 2327 cubili
1849 2271 1956 2327 ubi
1979 2272 2226 2343 quiescit
2245 2271 2460 2327 :lecto
2485 2270 2746 2327 circum-

530 2349 698 2433 ponit
746 2356 905 2418 rete3
952 2345 1163 2403 deinde
1201 2346 1544 2421 subrepens,
1583 2348 1694 2405 sub
1741 2348 1843 2403 illo
1885 2348 2136 2417 dormit„
2200 2349 2432 2407 Culices
2474 2350 2662 2415 enim,
2689 2348 2750 2405 si

530 2428 661 2501 quis
686 2427 865 2501 pallio
892 2435 993 2482 aut
1032 2424 1265 2482 sindoni
1304 2426 1608 2483 involutus
1641 2427 1912 2485 cubitum
1947 2428 2076 2495 ivit,
2105 2446 2210 2503 per
2237 2428 2362 2485 haec
2383 2429 2754 2485 vestimenta

531 2504 670 2573 eum
694 2505 963 2563 mordent
992 2529 1009 2573 3
1054 2521 1159 2577 per
1186 2512 1311 2559 rete
1334 2522 1474 2561 vero
1505 2522 1578 2561 ne
1605 2514 1904 2563 conantur
1931 2507 2170 2579 quidem
2195 2508 2458 2565 omnino.
2619 2558 2624 2563 .

611 2590 705 2644 96.
749 2582 932 2639 Naves
957 2582 1197 2639 illorum
1223 2583 1506 2659 onerariae
1529 2601 1604 2639 ex
1623 2587 1784 2658 spina
1819 2586 2011 2641 arbore
2047 2586 2336 2643 confectae
2369 2593 2541 2653 suut,
2569 2580 2752 2657 cujus

531 2664 752 2739 species
792 2661 1091 2723 simillima
1129 2661 1255 2716 loto
1282 2661 1626 2734 Cyrenaico,
1653 2664 1910 2737 lacryma
1947 2672 2145 2721 autem
2179 2666 2416 2741 gummi
2459 2673 2565 2721 est.
2653 2664 2752 2725 Ex

531 2744 642 2801 hac
670 2743 852 2817 igitur
876 2740 1049 2813 spina
1070 2740 1305 2796 caedunt
1342 2739 1506 2815 ligna
1535 2741 1658 2798 fere
1685 2741 2044 2809 bicubitalia‚
2073 2760 2206 2816 quae
2239 2744 2494 2799 laterum
2521 2742 2578 2801 in
2605 2762 2747 2801 mo-

531 2840 657 2879 rem
684 2825 1077 2893 componunt,
1098 2834 1173 2874 ex
1197 2818 1395 2891 eisque
1420 2836 1598 2879 naves
1623 2819 1988 2893 fabricantur
2010 2823 2118 2877 tali
2143 2822 2338 2879 modo,
2386 2822 2750 2881 Bicubitalia

532 2899 637 2957 illa
674 2900 843 2974 ligna
868 2897 1087 2975 circum
1114 2895 1446 2969 frequentes
1493 2899 1944 2976 praelongosque
1984 2901 2184 2957 clavos
2218 2898 2450 2976 ligneos
2491 2901 2752 2961 circum-

532 2986 805 3045 nectunt‚
834 2976 1066 3049 illisque
1095 2976 1179 3031 ita
1202 2978 1525 3051 compactis
1561 2978 1734 3055 tigna
1756 2986 2093 3036 transversa
2125 2996 2373 3053 superne
2399 2979 2750 3051 intendunt·

536 3058 729 3115 Costis
754 3074 895 3113 vero
923 3073 1039 3112 non
1069 3062 1345 3123 utuntur,
1374 3058 1788 3115 commissuras
1811 3068 2013 3115 autem
2051 3059 2214 3119 intus
2239 3059 2417 3133 byblo
2445 3059 2752 3115 obturant.

532 3134 1016 3195 Gubernaculum
1041 3152 1229 3191 unum
1253 3134 1506 3200 faciunt,
1535 3144 1594 3191 et
1623 3136 1734 3193 hoc
1759 3154 1864 3210 per
1891 3137 2146 3199 carinam
2176 3134 2495 3209 trajiciunt.
2573 3137 2752 3195 Malo

532 3224 787 3273 utuntur
826 3232 899 3269 ex
940 3213 1113 3286 spina
1152 3212 1379 3279 arbore,
1407 3213 1550 3269 velis
1595 3232 1668 3270 ex
1707 3233 1944 3290 papyro.
2023 3216 2174 3273 Haec
2217 3216 2458 3292 navigia
2500 3216 2754 3273 adverso

533 3294 797 3360 flumine,
824 3291 937 3347 nisi
960 3290 1255 3347 sccundus
1282 3299 1522 3358 ventus,
1547 3292 1709 3367 isque
1729 3294 1872 3351 satis
1894 3294 2146 3361 validus,
2163 3294 2446 3361 obtineat,
2467 3296 2756 3371 navigare

535 3390 661 3429 non
705 3378 974 3445 possunt,
1004 3368 1106 3425 sed
1146 3387 1219 3425 ex
1254 3375 1409 3426 terra
1437 3366 1613 3441 juxta
1655 3373 1840 3446 ripam
1887 3374 2213 3431 trahuntur.
2293 3372 2558 3431 Secundo
2603 3392 2754 3431 vero

534 3450 783 3509 flumine
822 3448 1167 3505 deferuntur
1194 3449 1307 3505 hoc
1345 3450 1544 3507 modo.
1627 3450 1858 3509 Tabula
1883 3454 2008 3509 sive
2041 3462 2226 3509 crates
2251 3452 2514 3528 offlonga
2539 3449 2752 3527 estja-

534 3548 673 3591 nuae
698 3528 913 3594 forma,
927 3545 1001 3583 ex
1024 3528 1249 3602 myrica
1274 3528 1486 3585 frutice
1513 3529 1837 3603 [tamaricen
1861 3530 2076 3589 Latine
2101 3528 2344 3601 vocant]
2369 3532 2668 3599 confecta,
2691 3540 2756 3589 et

534 3608 751 3667 vimine
778 3624 853 3683 ex
874 3606 1259 3663 arundinibus
1282 3616 1538 3665 consuta
1560 3634 1578 3679 3
1625 3618 1756 3668 tum
1781 3606 1931 3683 lapis
1958 3612 2309 3684 perforatuS,
2337 3609 2596 3667 duorum
2625 3609 2756 3667 fere

534 3688 893 3745 talentorum
942 3684 1214 3758 pondere.
1294 3686 1329 3741 J
1336 3701 1553 3744 annam
1595 3688 1781 3755 illam,
1824 3688 1974 3747 fune
2013 3689 2346 3764 religatam,
2387 3690 2453 3746 in,
2493 3688 2758 3759 fiuvium

536 3766 797 3824 demittit
818 3772 1021 3830 nauta,
1051 3771 1119 3820 ut
1146 3770 1283 3821 ante
1322 3782 1534 3824 navem
1557 3767 1810 3823 secundo
1839 3766 2084 3825 flumine
2111 3766 2443 3839 deferatur3
2487 3767 2756 3846 lapidem

535 3864 675 3903 vero
703 3863 777 3902 ex
802 3843 919 3899 alio
944 3842 1087 3899 fune
1116 3860 1152 3898 a
1188 3844 1414 3917 postica
1439 3850 1604 3917 parte
1628 3844 1904 3904 demittit.
1981 3846 2188 3920 Itaque
2219 3842 2430 3917 janua,
2456 3845 2758 3915 incidente

536 3942 703 3999 aquae
729 3924 979 3997 impetu,
1010 3922 1273 3978 celeriter
1300 3924 1694 3999 progreditur,
1725 3933 1784 3981 et
1825 3924 2005 3981 trabit
2047 3926 2240 3995 barim
2279 3925 2429 3998 (hoc
2467 3925 2632 3983 enim
2661 3925 2756 3983 his

539 4002 788 4077 navigiis
815 4018 1035 4059 nomen:
1069 4006 1162 4057 est
1184 3998 1227 4069 ε)
1271 4001 1421 4075 lapis
1448 4020 1610 4071 vem,
1636 4004 1780 4060 dum
1808 4022 1845 4058 a
1871 4013 2042 4079 tergo
2069 4005 2340 4071 trahitur,
2367 4012 2429 4061 et
2463 4004 2524 4060 in
2561 4004 2756 4073 fundo

537 4089 651 4149 est,
678 4080 884 4155 dirigit
905 4097 1162 4160 cursum.
1228 4078 1771 4158 HabentlAEgyptii
1797 4082 2172 4158 navigiorum
2197 4084 2412 4141 horum
2439 4082 2758 4159 ingentem

538 4158 1005 4239 multitudinem,
1019 4158 1366 4233 vehantque
1386 4158 1622 4221 illarum
1645 4161 1926 4221 nonnulla
1949 4162 2140 4225 multa
2157 4161 2350 4221 millia
2367 4161 2760 4241 talentorum..
