2925 4992
598 319 729 379 939
1171 317 1667 439 nunonem
1732 302 2096 381 11191011
2157 319 2234 379 v.

606 483 655 515 *Ὗ
684 492 863 535 naves
890 470 1181 535 sufficient
1206 476 1277 535 ad
1320 478 1425 535 has
1454 464 1656 535 omnes
1699 478 1758 535 in
1783 476 1972 557 Regis
2009 477 2352 554 redigendas
2390 478 2758 553 potestatem?
2729 468 2768 503 ”⁴

601 555 959 651 Respondet
985 556 1372 633 Artaphernes
1421 556 1518 613 his·
1560 557 1787 614 verbis.
1831 558 2000 615 ”Τ11
2045 574 2206 625 vem,
2243 572 2380 631 quoe
2421 572 2493 614 911
2533 557 2763 619 dentato

604 639 648 671 “
676 643 812 693 sunt
840 637 1014 713 regiae
1048 636 1258 693 domus
1300 638 1602 711 proponis,
1631 645 1690 693 et
1719 643 1874 693 recte
1895 637 2021 693 haec
2055 636 2259 693 omnia
2295 644 2523 704 moues,
2551 642 2758 711 prester-

600 719 853 791 “quam
880 714 1037 789 quod
1062 716 1131 771 ad
1160 729 1472 771 numerum
1501 722 1725 807 spectat
1749 716 2040 771 navium
2085 715 2243 771 Nam
2269 714 2404 769 ibeo
2427 718 2655 772 centum
2671 732 2762 771 na-

600 797 642 826 ”
668 794 859 861 vium,
888 800 1109 869 paratae
1130 794 1238 849 tibi
1267 802 1447 849 erunt
1468 796 1662 869 primo
1685 810 1821 850 vere
1843 793 2130 853 ducentae.
2191 793 2448 907 Oportet
2461 803 2606 850 vero
2624 792 2767 851 him

602 867 845 928 “rebus
876 873 1282 929 auctoritatem
1312 887 1548 947 quoque
1576 872 1758 949 Regis
1785 872 2109 928 accedere?⁹

678 954 776 1010 32.
823 951 935 1009 His
960 949 1202 1018 auditIS,
1232 952 1592 1027 Aristagoras
1625 952 1796 1007 laetus
1821 950 2098 1007 Miletum
2137 950 2327 1008 rediit.
2403 950 2760 1027 Artaphernes

600 1048 765 1095 vero,
794 1030 971 1086 misso
1002 1030 1151 1086 Susa
1192 1030 1421 1097 nuncin,
1448 1030 1872 1105 postulatisque
1899 1030 2252 1105 Aristagorae
2290 1046 2426 1087 cum
2469 1043 2762 1125 tegetem

600 1108 939 1175 municatiS,
966 1116 1275 1183 postquam
1304 1108 1576 1183 probavit
1603 1124 1728 1165 rem
1751 1106 1994 1174 Darius,
2023 1108 2302 1165 ducentas
2325 1109 2600 1167 instruxit
2617 1108 2767 1165 trire-

598 1204 745 1253 mes,
762 1202 944 1261 magn
954 1202 1164 1261 amque
1190 1186 1517 1243 admodum
1537 1186 1980 1243 multitudinem
2005 1182 2066 1242 et
2084 1184 2392 1244 Persarum
2413 1196 2476 1245 et
2497 1188 2758 1245 sociorum

600 1268 909 1331 contraxit,
940 1265 1263 1339 ducemque
1305 1265 1514 1323 horum
1561 1266 1862 1321 constituit
1903 1264 2303 1340 Meg-abatem,
2329 1267 2529 1323 vimm
2552 1266 2764 1323 Pernam

601 1344 671 1401 de
678 1362 913 1433 ‘genere
938 1344 1504 1409 Achoemenidarum‚
1534 1358 1709 1400 suum
1736 1352 1795 1400 et
1820 1342 1988 1400 Darii
2015 1345 2474 1416 consobrinum,
2517 1343 2758 1402 eumdem

599 1418 769 1493 cujus
815 1422 996 1481 filiam
1049 1424 1364 1479 Pausanias
1408 1422 1891 1481 Lacedaemonius
1931 1420 2300 1479 Cleombroti
2345 1423 2523 1491 1111119,
2561 1424 2609 1480 si
2645 1438 2758 1477 vem

596 1502 756 1559 fama
783 1508 894 1568 est,
922 1510 1156 1575 postero
1174 1511 1439 1576 tempore
1465 1503 1526 1557 in
1553 1500 1993 1557 matrimonium
2013 1500 2124 1557 sibi
2143 1502 2538 1576 desponsavit,
2553 1501 2760 1576 cupiens

596 1586 882 1656 tyrannus
912 1580 1036 1637 fieri
1066 1583 1320 1639 Graeciae.
1375 1580 1693 1656 Megabate
1715 1578 1862 1636 duce
1887 1579 2235 1648 constitute,
2265 1582 2583 1638 exereitum
2604 1580 2757 1637 istum

594 1660 665 1717 ad
697 1662 1092 1736 Aristagoran)
1122 1660 1283 1717 misit
1312 1660 1720 1733 Artaphernes.

672 1742 768 1796 33.
808 1740 1179 1815 Megabates,
1207 1740 1491 1797 adsumtis
1531 1754 1605 1794 ex
1643 1736 1856 1793 Mileto
1882 1736 2245 1813 Aristagora,
2271 1744 2334 1795 et
2373 1738 2582 1795 lonico
2614 1752 2756 1793 exer·

593 1818 739 1885 citu,
770 1827 829 1875 et
856 1816 1155 1875 exsulibus
1183 1818 1413 1884 Naxiis,
1442 1816 1692 1873 navibus
1720 1816 2018 1890 profectus
2044 1824 2132 1873 est
2158 1814 2324 1891 quasi
2347 1814 2410 1873 in
2443 1816 2757 1890 Hellespon-

590 1904 721 1954 tum
749 1897 1148 1984 navigaturus,
1232 1896 1349 1953 Ubi
1390 1912 1529 1951 vero
1549 1910 1751 1983 prope
1777 1894 1992 1951 Chium'
2033 1894 2171 1963 fuit,
2199 1896 2290 1952 nd
2281 1896 2566 1953 09119999
2591 1892 2754 1952 centi-

594 1976 726 2032 nuit
750 1990 953 2040 nav-ee,
980 1971 1120 2030 inde
1147 1981 1321 2031 vento
1345 1973 1524 2029 borea
1547 1972 1609 2029 in
1638 1974 1880 2029 Naxum
1905 1970 2266 2043 traiecturus
2316 1974 2435 2042 Ibi,
2462 1988 2638 2062 quum
2659 1988 2755 2028 non

590 2070 679 2110 ess
686 2062 743 2109 et
768 2052 829 2109 in
855 2052 992 2109 fatis
1019 2061 1087 2109 ut
1114 2054 1221 2108 hac
1248 2053 1432 2109 classe
1452 2052 1634 2108 Naxii
1657 2050 2058 2125 perderentur,
2083 2066 2170 2109 res
2197 2053 2412 2111 accidit
2439 2047 2755 2127 huiusmodi.

589 2130 752 2189 Dum
779 2130 1073 2187 custodias
1100 2132 1338 2187 navium
1363 2128 1490 2188 obit
1513 2130 1882 2207 Megabates,
1907 2130 2102 2187 forte
2085 2148 2148 2187 111
2177 2147 2324 2187 nave
2317 2130 2590 2226 'Myndia
2607 2142 2758 2186 nemo

591 2218 715 2268 erat
742 2210 841 2287 qui
868 2210 1192 2267 custodiam
1222 2220 1441 2285 ageret.
1520 2208 1656 2270 Qua
1685 2226 1745 2265 re
1771 2208 1876 2265 ille
1913 2210 2284 2285 indignatus,
2307 2205 2490 2281 jussit
2511 2208 2756 2266 satellites

590 2306 847 2365 quaerere
868 2286 1045 2359 hujus
1073 2289 1242 2345 navis
1268 2288 1640 2363 praefectum,
1669 2286 1766 2343 cui
1794 2304 2014 2344 nomen
2043 2295 2168 2345 erat
2196 2288 2436 2363 Scylax,
2459 2286 2756 2365 1999111111ιὲ

588 2386 703 2445 que
745 2370 826 2426 ita
867 2368 1107 2435 vincire,
1146 2375 1215 2423 ut
1257 2384 1360 2441 per
1400 2366 1746 2423 thalamiam
1785 2368 1916 2443 (per
1956 2366 2219 2424 foramen
2257 2384 2364 2441 per
2405 2368 2559 2443 quo'd
2595 2362 2752 2423 animi

589 2447 738 2507 remi
763 2446 1019 2519 exstant)
1050 2443 1433 2517 trajiceretur,
1461 2446 1654 2521 eapite
1683 2454 2009 2502 extrorsum
2037 2442 2352 2511 eminente,
2383 2457 2622 2521 corpore
2641 2450 2752 2499 ver·

588 2544 686 2585 sus
714 2524 995 2582 interiora
1031 2532 1316 2600 porrecto.
1398 2522 1472 2579 In
1513 2524 1669 2579 hunc
1687 2518 1940 2581 modum
1963 2524 2166 2581 vineto
2189 2525 2450 2599 8991999,
2473 2521 2753 2581 renunciat

584 2604 799 2679 aliquis
843 2604 1215 2679 Aristagorae,
1260 2602 1554 2677 hospitem
1599 2600 1915 2679 Myndium
1955 2622 1992 2659 a
2025 2602 2354 2678 Megabate
2388 2606 2476 2661 ita
2515 2604 2750 2660 vinctum

584 2682 1123 2757 contumelioseque
1168 2680 1438 2737 habitum
1483 2698 1625 2737 esse.
1703 2678 1790 2737 Et
1828 2680 1952 2738 abit
1999 2680 2102 2738 ille
2141 2681 2214 2738 ad
2255 2682 2522 2749 Persam,
2549 2680 2749 2739 veniam

580 2776 689 2839 pro
718 2761 819 2817 illo
846 2776 1127 2834 precans:
1174 2778 1211 2815 a
1236 2776 1355 2835 quo
1380 2776 1564 2836 quum
1589 2758 1742 2816 nihil
1781 2760 2168 2833 impetrasset,
2199 2758 2324 2836 ipse
2347 2760 2644 2837 Myndiam
2665 2756 2751 2815 nti-⁴

581 2858 719 2897 vem
767 2839 910 2905 adit,
951 2838 1264 2913 illum‘que
1284 2838 1484 2895 solvit.
1563 2839 1700 2901 Quo
1746 2840 1986 2915 cognito
2028 2839 2370 2915 indignatus
2412 2835 2746 2943 Megabntesj

582 2936 721 2977 cum
774 2918 875 2974 illo
922 2917 1331 2991 expostulavit.
1412 2916 1521 2975 Cui
1565 2908 1972 2991 Aristagoras.
2017 2918 2178 2975 “Ad
2223 2926 2286 2974 te
2323 2921 2506 2985 vero:
2510 2915 2746 2989 'ioquin

582 2996 798 3073 “quid
826 2996 918 3053 hae
942 3014 1032 3054 res
1058 2997 1387 3071 pertinent?
1426 2996 1645 3052 Nonne
1670 3004 1728 3051 te
1755 2996 2142 3070 Artaphernes
2178 2998 2340 3054 misit
2347 2997 2474 3071 qui
2497 2993 2638 3054 mihi
2659 3010 2744 3067 pa-

606 3084 800 3143 ‘rea-3,
826 3074 1186 3151 navigesque
1226 3092 1343 3149 quo
1383 3092 1498 3149 ego
1530 3069 1806 3145 jussero?
1846 3074 2050 3132 Rebus
2091 3074 2294 3132 alienis
2329 3076 2474 3150 quid
2497 3082 2558 3131 te
2578 3070 2746 3131 immi·

606 3162 813 3212 ‘.sces
797 3156 856 3195 >”
902 3154 1049 3211 Haec
1078 3161 1387 3229 postquam
1405 3152 1550 3211 dixit
1573 3154 1962 3229 Aristagoras,
1987 3155 2168 3210 iratus
2183 3153 2551 3228 Megabates,
2567 3160 2630 3209 ut
2649 3164 2747 3207 nox

580 3234 835 3298 advenit,
870 3233 1111 3308 navigio
1150 3232 1390 3289 Naxum
1432 3232 1598 3288 misit
1633 3232 1973 3298 nonnuIIOS,
2011 3233 2113 3306 qui
2139 3232 2352 3290 Naxiis
2393 3233 2605 3300 omnia,
2638 3242 2746 3305 quae

576 3313 717 3389 ipsis
746 3312 1138 3378 imminerent,
1167 3311 1587 3386 significarent.

657 3396 754 3448 34.
796 3390 1155 3463 Neutiquam
1184 3390 1343 3445 enim
1373 3396 1847 3464 exspectaverant
1870 3388 2072 3461 Naxii,
2103 3389 2380 3448 adversus
2401 3408 2466 3449 se
2491 3388 2643 3447 illam
2667 3385 2742 3441 di·

576 3471 688 3547 rigi
719 3466 1163 3541 expeditionem.
1240 3468 1564 3541 Postquam
1589 3484 1728 3524 vero
1755 3468 2190 3535 intellexerunt,
2213 3472 2504 3527 continuo
2523 3468 2595 3525 ad
2619 3464 2742 3521 tole-

576 3548 822 3606 randam
869 3546 1236 3603 obsidionem
1283 3562 1406 3603 sese
1449 3554 1878 3620 compararunt,
1921 3546 2094 3604 rebus
2135 3546 2256 3605 suis
2301 3566 2375 3605 ex
2416 3548 2572 3624 agris
2613 3541 2741 3600 intra

575 3644 779 3686 muros
805 3626 1204 3699 comportatis,
1226 3622 1492 3699 urbeque
1518 3633 1576 3680 et
1604 3624 1833 3682 cibariis
1862 3632 1924 3681 et
1946 3626 2267 3700 potulentis
2291 3628 2593 3686 instructu.
2641 3618 2738 3682 0ῦί

571 3715 880 3783 postquam
928 3702 999 3759 ad
1029 3702 1441 3760 sustinendum
1465 3703 1690 3760 bellum
1727 3714 1894 3761 erant
1935 3704 2226 3772 instructi,
2261 3704 2477 3772 hostes,
2505 3718 2576 3761 ex
2613 3700 2737 3756 Chio

570 3786 809 3844 Naxum
860 3777 1232 3850 traiicientes,
1275 3782 1421 3837 bene
1459 3782 1725 3839 munitos
1768 3790 1907 3840 sunt
1946 3782 2225 3857 adgressi,
2267 3792 2328 3841 et
2369 3802 2474 3859 per
2517 3788 2738 3857 quatuor

572 3880 799 3922 menses
832 3860 1205 3917 obsederunt.
1288 3860 1399 3915 Sed
1441 3860 1726 3918 absumtis
1769 3862 2028 3935 pecuniis
2067 3862 2342 3919 omnibus
2383 3878 2530 3937 quas
2566 3872 2734 3915 secum

566 3942 761 3999 Persae
786 3940 1140 4004 adtulerunt,
1167 3938 1491 4012 multisque
1513 3940 1690 3995 etiam
1728 3940 1970 4015 insuper
1992 3940 2068 3996 ab
2093 3940 2435 4017 Aristagora
2473 3933 2736 3996 insumus,

568 4038 755 4095 quum
781 4016 853 4075 ad
880 4016 1335 4075 continuandam
1364 4016 1720 4074 obsidionem
1759 4019 2026 4093 pluribus
2067 4018 2258 4075 adhuc
2283 4025 2435 4076 esset
2463 4034 2623 4091 011119,
2647 4028 2733 4068 ex·

567 4099 795 4157 sulibus
824 4096 1030 4154 Naxiis
1057 4094 1297 4153 castella
1320 4103 1759 4167 exstruxerunt,
1778 4106 1838 4156 et
1862 4096 2018 4156 male
2039 4096 2293 4156 adfecti
2275 4116 2335 4155 m
2361 4092 2732 4155 continentem

568 4196 632 4235 se
660 4183 1017 4253 receperunt.
