2925 4992
502 324 623 383 ³74
1054 316 1562 381 HERODOTI
1627 310 1996 382 nlsToR.
2049 320 2216 381 vm.

504 488 565 537 et
589 478 767 543 Abas,
793 474 895 535 ubi
920 478 1271 551 opulentum
1304 484 1428 536 erat
1454 478 1742 552 Apollinis
1781 479 2071 555 templum
2113 480 2400 537 thesauris
2425 480 2712 537 donariis-

506 576 623 633 que
670 555 877 614 multis
926 555 1322 613 instructum.
1368 565 1610 631 eratque
1647 557 1893 625 ibidem,
1937 566 2112 633 atque
2159 559 2339 615 etiam
2383 572 2549 613 nunc
2595 568 2710 624 est,

506 634 853 693 oraculum:
894 642 957 691 et
997 635 1109 691 hoc
1148 634 1326 691 etiam
1370 635 1687 709 templum,
1725 637 2142 727 exspoliatum,
2171 637 2312 711 igne
2351 644 2714 692 cremarunt.

507 717 701 787 Atque
724 712 1115 771 Phocensium
1158 712 1502 778 nonnullos,
1531 713 1606 769 ad
1645 722 1924 771 montana
1949 713 2220 780 insecuti,
2247 715 2514 787 captivos
2557 714 2716 771 fece

504 802 676 863 runt3
720 800 783 849 et
806 792 1109 848 nonnullis
1136 786 1315 849 etiam
1340 791 1711 860 mulieribus,
1739 793 1818 849 ob
1843 792 2288 851 multitudinem
2317 794 2442 849 vim
2483 790 2716 849 facien-

506 874 679 936 tium,
708 887 914 927 necem
940 868 1297 927 adtulerunt.

586 956 684 1005 34.
724 946 1165 1037 Parapotamios
1203 949 1600 1024 praetergressi
1627 949 1887 1016 Barbari,
1917 950 1978 1006 in
2020 950 2460 1023 Panopensium
2499 964 2715 1023 agrum

506 1034 807 1085 venerunt.
886 1022 1073 1082 Inde
1046 1042 1179 1096 Jam
1204 1026 1472 1083 discrete
1503 1028 1744 1085 illorum
1789 1030 1994 1102 copiae,
2021 1028 2292 1084 bifariam
2319 1028 2524 1083 divisa}
2547 1035 2718 1084 sunt.

502 1106 769 1164 Plurima
818 1103 1057 1177 quidem
1107 1112 1169 1161 et
1218 1105 1582 1163 validissima
1631 1122 1766 1179 pars
1799 1108 2123 1173 exercitae,
2165 1122 2302 1163 eum
2341 1107 2474 1180 ipso
2515 1106 2720 1163 Xerxe

508 1185 765 1243 Athenas
807 1182 1077 1249 tendens,
1105 1183 1165 1239 in
1213 1183 1506 1241 Boeotiam
1551 1184 1813 1253 intravit,
1865 1186 1924 1241 in
1968 1186 2118 1241 fines
2157 1184 2716 1241 Orchomeniorum.

504 1264 849 1321 Boeotorum
876 1269 1075 1317 autem
1104 1261 1379 1319 universa
1404 1262 1726 1321 multitudo
1755 1278 1893 1321 cum
1919 1263 2110 1319 Medis
2135 1264 2430 1319 sentiebat
2454 1286 2468 1319 ι
2517 1272 2580 1319 et
2601 1279 2716 1335 op-

505 1340 646 1417 pida
670 1340 905 1397 illorum
931 1339 1267 1397 tutabantur
1286 1341 1399 1396 viri
1420 1340 1796 1408 Macedones,
1821 1340 1898 1397 ab
1916 1341 2244 1398 Alexandro
2261 1342 2336 1398 ad
2365 1343 2478 1396 hoc
2504 1340 2672 1397 missi
2693 1366 2712 1410 3

506 1418 851 1495 tutabantur
876 1435 945 1475 ea
970 1426 1189 1481 autem,
1219 1419 1331 1475 hoc
1370 1420 1503 1492 ipso
1547 1419 1894 1475 declaraturi
1938 1419 2147 1485 Xerxi,
2175 1436 2313 1476 cum
2338 1419 2534 1476 Medis
2579 1434 2718 1475 sen·

510 1499 621 1556 tire
646 1496 905 1555 BoeotoS.
982 1496 1072 1553 Hi
1098 1496 1283 1571 igitur
1304 1514 1380 1553 ex
1406 1498 1680 1553 Barbaris
1707 1498 1820 1555 bac
1843 1498 1940 1553 via
1963 1498 2332 1554 incedebant.

586 1580 688 1633 35.
730 1578 805 1633 At
847 1572 1084 1632 illorum
1128 1575 1255 1640 alii,
1300 1575 1512 1631 sumtis
1553 1576 1780 1632 viarum
1831 1574 2098 1641 ducibus,
2127 1594 2328 1633 versus
2377 1576 2719 1651 Delphicum

516 1656 775 1728 temptum
800 1653 1175 1710 intendebant
1202 1654 1331 1719 iter,
1353 1654 1710 1710 Parnassum
1737 1672 1774 1709 a
1799 1653 2006 1709 dextra
2031 1654 2436 1728 relinquentes.
2515 1656 2717 1717 Quas-

510 1750 765 1807 cumque
792 1748 930 1787 vero
958 1730 1136 1787 etiam
1180 1732 1241 1787 hi
1282 1732 1554 1787 Phocidis
1589 1741 1962 1805 permearunt
2002 1733 2293 1807 regiones,
2324 1733 2430 1789 has
2467 1740 2722 1790 cunctas

510 1818 887 1870 evastarunt=
932 1828 1071 1865 nam
1099 1818 1159 1866 et
1188 1810 1622 1884 Panopensium
1665 1810 1950 1883 oppidum
1993 1812 2404 1877 incenderunt,
2433 1820 2496 1867 et
2541 1811 2718 1867 Dau-

502 1892 747 1955 liorum,
794 1896 855 1945 et
892 1888 1349 1946 AEolidensium.
1396 1889 1536 1961 [sive
1561 1888 1988 1961 Lilaeensium.]
2071 1890 2244 1946 Viam
2287 1900 2486 1947 autem
2533 1890 2714 1947 istam

510 1970 595 2033 hi,
624 1966 875 2035 sejuncti
914 1984 951 2021 a
995 1962 1217 2039 reliquo
1260 1967 1540 2030 exercitu,
1567 1968 1824 2043 ingressi
1853 1977 1988 2025 sunt
2030 1968 2142 2025 hoc
2165 1970 2436 2035 consilio,
2461 1976 2549 2039 ut,
2577 1984 2720 2041 spo-

509 2049 655 2105 liato
680 2045 971 2118 Delphico
999 2044 1243 2116 templo,
1268 2062 1409 2117 opes
1438 2044 1598 2101 illius
1623 2044 1809 2101 Xerxi
1849 2048 1971 2121 regi
2015 2054 2507 2119 repraesentarent.
2586 2048 2720 2103 No·-

515 2131 683 2181 verat
708 2130 929 2185 autem,
958 2132 1025 2177 ut
1046 2138 1162 2197 ego
1186 2123 1403 2195 accepi,
1432 2121 1658 2179 Xerxes
1689 2122 1890 2180 omnia
1913 2142 2053 2220 quoe·
2069 2127 2130 2182 in
2159 2127 2272 2181 hoc
2295 2125 2522 2199 templo
2545 2133 2723 2182 erant

514 2203 728 2261 melius
752 2218 931 2275 quam
958 2218 1091 2273 quae
1116 2201 1237 2257 suis
1264 2202 1325 2257 in
1348 2200 1570 2257 aedibus
1597 2200 1928 2276 reliquerat,
1953 2205 2172 2278 quippe
2211 2204 2418 2259 multis
2461 2218 2535 2260 ea
2569 2220 2720 2259 con-

516 2289 736 2340 stanter
766 2276 1253 2344 memorantibus,
1282 2296 1351 2335 ac
1377 2280 1696 2371 prasertim
1727 2280 1912 2339 Croesi
1934 2284 2199 2347 donaria,
2223 2282 2472 2356 Alyattis
2497 2282 2623 2338 filii.

594 2364 693 2417 36.
734 2354 879 2429 Ejus
904 2358 985 2413 rei
1011 2358 1257 2414 nuncius
1278 2358 1690 2433 gravissimum
1712 2357 2154 2435 Delphensibus
2179 2360 2452 2416 timorem
2477 2356 2719 2429 injecit·

515 2456 635 2513 quo
646 2447 879 2495 terrore
904 2436 1176 2510 perculsi,
1207 2436 1514 2493 oraculum
1537 2437 1612 2493 de
1637 2437 1812 2493 sacris
1847 2439 2106 2511 pecuniis
2133 2436 2422 2511 rebusque
2449 2440 2724 2516 pretiosis

515 2518 960 2581 consuluerunt,
988 2522 1190 2571 utrum
1214 2514 1277 2571 in
1300 2523 1516 2571 terram
1543 2532 1640 2571 eas
1685 2514 2052 2584 defoderent,
2079 2534 2155 2573 an
2195 2517 2258 2573 in
2303 2517 2484 2573 aliam
2523 2519 2726 2592 regio-

516 2612 655 2653 nem
681 2600 1067 2669 exportarent.
1145 2594 1224 2649 At
1268 2593 1453 2649 vetuit
1479 2592 1644 2649 Deus
1685 2592 1820 2649 loco
1863 2594 1994 2652 illas
2039 2612 2297 2662 movere,
2321 2596 2542 2663 dicens,
2583 2602 2633 2628 “
2661 2614 2728 2653 se

518 2675 793 2765 “ipsum
810 2672 883 2726 ad
910 2670 1159 2727 tutanda
1182 2688 1291 2726 sua
1316 2670 1598 2727 sufficere.
1601 2673 1634 2695 ”
1713 2673 1852 2733 Quo
1893 2674 2096 2731 audito
2129 2689 2427 2748 responso,
2449 2669 2576 2744 jam
2603 2675 2728 2731 sibi

516 2752 659 2825 ipsis
691 2749 1052 2821 Delphenses
1075 2750 1529 2806 consuluerunt.
1575 2758 1632 2805 et
1670 2750 1888 2809 liberos
1914 2752 2151 2827 quidem
2203 2760 2264 2809 et
2303 2769 2518 2809 uxores
2555 2760 2730 2811 trans

515 2846 679 2887 mare
718 2830 779 2883 in
824 2826 1107 2883 Achaiam
1150 2827 1455 2885 dimisere.
1501 2828 1760 2899 ipoerum
1799 2848 1940 2887 vero
1977 2832 2238 2905 plerique
2283 2831 2343 2887 in
2375 2827 2532 2906 juga
2569 2848 2730 2888 con-

516 2907 863 2965 seenderunt
901 2905 1197 2973 Parnassi,
1228 2923 1431 2980 roeque
1471 2923 1606 2962 suas
1653 2908 1712 2963 in
1757 2909 2070 2984 Corycium
2115 2918 2352 2965 antrum
2377 2919 2728 2983 comporta·-

520 2994 699 3055 runt,
769 2984 870 3042 alii
918 3002 1059 3041 vero
1106 2984 1169 3041 in
1217 2984 1592 3058 Amphissam
1655 2984 1968 3045 Locridem
2028 2997 2412 3045 secesserunt.
2513 2985 2735 3062 Itaque

520 3067 713 3123 cuncti
757 3062 1123 3137 Delphenses
1174 3063 1530 3140 reliquerunt
1573 3062 1805 3135 urbem,
1833 3066 2088 3142 exceptis
2127 3066 2440 3143 sexaginta
2481 3064 2628 3123 viris
2669 3077 2739 3130 et

564 3144 823 3215 ropheta

518 3162 563 3222 p
596 3227 693 3279 87.
752 3222 837 3279 Ut
880 3240 1017 3277 vero
1066 3222 1606 3296 adpropinquarunt
1659 3222 2001 3281 invadentes
2053 3224 2317 3291 Barbari,
2360 3219 2610 3299 jamque
2659 3228 2732 3285 in

516 3308 837 3374 conspectu
864 3300 1116 3357 habuere
1158 3300 1488 3372 templum3
1533 3302 1618 3359 ibi
1667 3310 1814 3358 tunc
1855 3304 2161 3377 propheta,
2185 3304 2284 3359 cui
2324 3319 2544 3359 nomen
2593 3314 2736 3361 erat

516 3382 816 3444 Acen-atus,
846 3394 1007 3435 sacra
1052 3394 1214 3435 arma
1264 3376 1409 3435 vidit
1454 3388 1595 3436 ante
1635 3380 1924 3454 templum
1953 3382 2273 3456 proposita,
2317 3398 2394 3437 ex
2439 3382 2736 3441 interiore

514 3456 797 3531 penetrali
832 3456 1077 3529 prolata,
1104 3474 1237 3531 qua».
1260 3457 1411 3513 nulli
1435 3458 1742 3517 hominum
1767 3458 1856 3515 fas
1897 3467 2022 3515 erat
2060 3466 2322 3534 tangere.
2404 3462 2612 3553 Atque
2625 3462 2738 3519 ille

516 3537 629 3593 hoc
655 3534 989 3609 prodigium
1020 3535 1475 3609 Delphensibus,
1503 3537 1608 3609 qui
1633 3537 1696 3593 in
1735 3537 1879 3593 urbe
1919 3538 2183 3604 aderant,
2215 3537 2560 3595 nunciatum
2591 3539 2738 3597 ivit.

514 3614 603 3673 Ut
630 3631 769 3671 vero
794 3614 1044 3688 gradum
1092 3613 1476 3671 accelerantes
1504 3615 1748 3681 Barbari
1789 3631 1970 3689 prope
2009 3616 2196 3672 aedem
2225 3616 2390 3671 fuere
2431 3616 2734 3675 Minervae

512 3692 795 3757 Pronaeae,
839 3689 953 3749 alia
1001 3694 1090 3749 his
1136 3692 1341 3749 oblata
1384 3701 1528 3749 sunt
1575 3693 1862 3768 prodigia,
1891 3694 2176 3768 superiori
2223 3694 2404 3771 etiam
2445 3694 2736 3772 prodigio

515 3767 757 3842 majora.
839 3770 995 3827 Nam
1042 3779 1103 3827 et
1146 3772 1257 3831 hoc
1306 3786 1447 3827 sane
1493 3771 1760 3829 mirabile
1801 3778 1913 3837 est,
1941 3790 2108 3828 arma
2134 3764 2374 3829 Martia
2375 3788 2484 3829 sua
2509 3784 2734 3846 sponte

511 3859 677 3905 extra
704 3851 987 3923 templum
1016 3848 1315 3923 proposita
1356 3837 1732 3922 adparuisse·
1773 3850 1872 3906 sed
1901 3868 2034 3923 quae
2075 3868 2215 3906 mox
2253 3850 2466 3907 deinde
2507 3868 2578 3907 ει
2579 3870 2736 3911 ene-

512 3935 676 3993 runt,
706 3946 779 3983 ea
816 3946 935 4002 pree
980 3924 1259 3985 omnibus
1300 3928 1550 3985 ostentis
1600 3928 1856 3984 maxima
1889 3929 2276 3985 admiratione
2323 3928 2508 4003 digna
2550 3942 2734 3989 sunt.

515 4004 637 4061 Ubi
674 4007 829 4063 enim
868 4005 1187 4063 subeuntes
1214 4004 1457 4062 Barbari
1488 4024 1670 4080 prope
1705 4007 1966 4063 Pronaeae
1991 4007 2282 4064 Minervae
2309 4006 2496 4063 aedem
2526 4007 2730 4078 fuere,

514 4083 597 4139 ibi
641 4090 769 4146 tum
796 4092 857 4140 et
882 4084 955 4141 de
980 4085 1129 4150 coelo
1172 4083 1431 4141 fulmina
1464 4084 1526 4140 in
1567 4102 1670 4141 eos
1706 4084 2066 4152 deciderunt,
2093 4094 2156 4141 et
2175 4084 2249 4141 de
2274 4085 2562 4142 Parnasso
2609 4088 2728 4145 ab·

512 4168 685 4238 rupta
708 4162 827 4221 duo
853 4164 1161 4221 cacumina
1198 4162 1433 4240 ingenti
1469 4161 1610 4227 eum
1635 4161 1870 4241 fragore
1887 4160 1960 4237 fin
1987 4164 2219 4223 eosdem
2247 4164 2728 4241 praeeipitarunt,
