2925 4992
1001 304 1519 375 PoLmN1A2
2287 315 2405 375 sss

193 476 410 535 Onetae
433 492 690 552 quoque,
719 490 1078 551 quamquam
1105 494 1223 533 non
1243 474 1540 542 Maliensi,
1566 490 1694 531 esse
1716 464 1928 550 potuit,
1958 476 2017 532 si·
2036 474 2185 532 hane
2210 476 2409 551 regio-

201 572 350 615 nem
399 556 612 633 saepius
658 555 922 613 adierat:
966 561 1030 611 at
1073 558 1380 613 enimvero
1428 554 1737 630 Ephialtes
1776 562 1886 621 est,
1926 554 2031 627 qni
2070 554 2267 612 hostes
2311 572 2415 629 per

193 635 470 693 semitam
499 637 666 693 illem
691 634 848 692 cirea
871 642 1134 693 montem
1157 634 1555 693 circumduxit
1580 656 1593 691 z
1642 633 1798 691 hunc
1824 630 2002 706 hujus
2028 632 2219 709 culpas
2244 650 2413 692 reum

194 714 409 772 scribo.

275 798 416 851 215.
453 793 705 861 Xerxes,
729 810 802 849 ea
825 792 1078 867 probans
1118 810 1252 868 quae
1291 810 1354 851 se
1391 792 1736 849 effecturum
1774 790 2071 867 pollicitus
2108 787 2414 866 Ephialtes

186 880 341 952 erat,
388 872 769 931 vehementer
810 872 1072 947 gavisus,
1103 873 1234 929 sine
1281 890 1449 929 mora
1492 870 1817 947 Hydarnen
1867 880 1929 928 et
1972 872 2077 947 qui
2128 872 2240 928 sub
2286 866 2413 943 ejus

193 952 386 1009 ductu
410 960 574 1009 erant
613 952 808 1008 misitz
851 957 914 1007 et
955 952 1042 1007 illi
1079 950 1192 1007 sub
1242 958 1499 1018 noctem,
1528 968 1649 1025 quo
1690 959 1959 1023 tempore
2008 950 2417 1008 accenduntur

191 1030 478 1097 lucernae,
507 1050 540 1088 e
581 1031 786 1087 castris
833 1029 1084 1104 profecti
1127 1037 1284 1086 sunt.
1364 1030 1721 1086 Invenerunt
1754 1029 1919 1085 illam
1946 1030 2218 1087 semitam
2258 1029 2415 1087 indi·-

190 1128 365 1189 genae
391 1110 757 1180 Malienses3
809 1125 992 1182 enque
1035 1116 1265 1183 reperta
1288 1109 1587 1165 Thessalis
1634 1108 1911 1165 adversus
1945 1108 2274 1165 Phocenses
2315 1109 2414 1166 iti·

189 1190 348 1245 neris
399 1188 580 1247 duces
629 1189 887 1253 fuerant,
916 1204 1034 1261 quo
1067 1195 1334 1261 tempore
1373 1187 1728 1253 PhocenseS,
1776 1186 2089 1244 introitum
2133 1188 2195 1244 in
2247 1204 2415 1245 suam

187 1264 507 1349 regionem
535 1268 807 1342 opposito
831 1264 1248 1323 obstruxerant
1286 1282 1485 1332 muro,
1515 1274 1691 1341 atque
1736 1266 1823 1323 ita
1866 1274 2024 1323 tutos
2068 1282 2133 1323 se
2173 1285 2213 1323 a
2256 1267 2415 1323 bello

187 1348 625 1421 praestiterant:
671 1353 946 1421 atqueex
971 1345 1074 1401 illo
1099 1344 1236 1401 inde
1263 1353 1531 1420 tempore
1572 1345 1843 1419 adparuit
1883 1346 2133 1419 pessime
2172 1340 2285 1401 ‘illa
2322 1346 2421 1405 uti.

186 1424 538 1485 Malienses.

269 1508 420 1564 216.
459 1503 573 1560 Est
601 1508 796 1559 autem
827 1504 982 1559 callis
1007 1500 1187 1573 hujus
1233 1520 1336 1576 per
1373 1510 1609 1559 montem
1634 1502 1877 1561 ferentis
1904 1504 2053 1561 ratio
2094 1504 2237 1560 haee.
2314 1500 2416 1561 In·

187 1584 342 1659 cipit
369 1584 448 1641 ab
474 1585 670 1656 Asopo
697 1578 902 1649 fluvio,
933 1584 1040 1639 ubi
1064 1582 1164 1639 ille
1195 1598 1298 1655 per
1324 1579 1619 1639 montium
1647 1579 1963 1639 divortium
1994 1582 2249 1658 perfluit.
2304 1582 2421 1641 Est

187 1672 403 1721 autem
446 1662 663 1729 monti,
689 1676 796 1734 per
835 1674 1014 1735 quem
1061 1664 1272 1717 semita
1319 1661 1556 1727 transit,
1586 1661 1925 1735 semitaeque
1964 1661 2077 1737 ipsi
2120 1660 2277 1718 idem
2304 1678 2419 1719 no-

185 1759 358 1809 men,
387 1743 688 1817 Anopaea:
731 1739 962 1815 fertque
1001 1742 1130 1798 hoec
1161 1740 1418 1814 Anopaea
1443 1737 1763 1797 secundum
1798 1740 2055 1799 dorsum'·
2086 1741 2329 1809 montis,
2356 1746 2420 1799 et

185 1821 418 1878 desinit
473 1820 626 1879 circa
676 1819 998 1893 Alpenum,
1055 1820 1314 1893 primum
1362 1818 1719 1894 oppidorum
1772 1816 2156 1877 Locrensium
2212 1836 2417 1877 versus
2498 1829 2513 1849 ’

185 1898 538 1967 Malienses,
563 1916 634 1956 eo
680 1897 814 1954 loco
853 1898 957 1955 ubi
987 1898 1404 1973 Melampygus
1447 1898 1551 1972 qui
1588 1898 1803 1971 dicitur
1836 1899 1985 1973 lapis
2020 1906 2133 1967 est,
2162 1905 2417 1975 suntque

189 1979 536 2053 Cercopum
565 1977 730 2035 sedes
755 1992 772 2034 ε
816 1977 923 2033 ubi
949 1977 1130 2033 etiam
1157 1976 1615 2052 angustissimus
1638 1972 1805 2037 callis
1820 1986 1939 2035 est.

274 2062 415 2122 217.
457 2056 590 2115 Hac
633 2056 818 2131 igitur
857 2056 1088 2121 semita,
1132 2070 1316 2129 quam
1357 2054 1664 2130 descripsi,
1700 2055 1893 2113 Persae
1936 2053 2181 2129 trajecto
2218 2056 2417 2133 Asopo

185 2143 388 2194 totam
433 2142 671 2192 noctem
699 2135 810 2190 iter
841 2134 1133 2201 fecerunt,
1163 2152 1198 2190 a
1223 2135 1428 2191 dextra
1461 2135 1749 2192 habentes
1784 2132 2115 2193 OEtaeorur'n
2156 2144 2413 2203 monteS,

183 2236 224 2274 a
249 2215 500 2272 sinistra
542 2232 682 2270 vero
722 2222 954 2273 montes
985 2214 1441 2271 Trachiniorum
1469 2236 1492 2269 r
1530 2222 1589 2269 et
1629 2214 1827 2271 illuxit
1851 2233 2081 2281 aurora,
2112 2234 2297 2290 quum
2340 2216 2413 2273 ad

185 2300 802 2361 summummontem
833 2300 1248 2367 pervenerunt.
1329 2292 1462 2347 Hoc
1507 2292 1691 2368 igitur
1730 2294 1863 2366 loco
1906 2301 2175 2357 montem
2214 2301 2415 2351 custo·

185 2374 456 2439 diebant,
483 2380 556 2429 ut
581 2368 760 2429 etiam
808 2380 949 2427 ante
991 2371 1412 2441 demonstravi,
1444 2370 1772 2427 Phocenses
1815 2372 1979 2427 mille
2020 2374 2281 2447 graviter
2320 2387 2419 2439 ar·-⁶

183 2454 365 2519 mati,
393 2460 458 2507 et
483 2468 651 2508 suam
679 2450 982 2527 regionem
1023 2456 1302 2518 tutanteS‚
1334 2458 1398 2505 et
1419 2448 1628 2505 callem
1670 2450 2082 2517 custodientes.
2160 2446 2419 2507 Inferior

185 2532 357 2589 enim
407 2530 688 2587 introitus
733 2530 808 2586 ab
849 2530 959 2595 εἰς,
989 2546 1135 2603 quos
1175 2528 1320 2595 dixi,
1349 2528 1829 2586 custodiebatur:
1876 2530 2147 2587 semitam
2189 2538 2414 2595 autem,

185 2628 328 2685 quae
368 2610 482 2667 fert
523 2626 626 2683 per
666 2622 950 2674 montem,
981 2610 1308 2665 Phocenses
1352 2607 1783 2677 custodiebant,
1815 2606 1915 2684 qui
1940 2606 2221 2667 Leonidae
2262 2610 2469 2666 ultro·

188 2693 358 2749 hanc
383 2706 623 2763 operam
653 2695 1012 2763 receperant.
1395 2712 1404 2721 ·
1596 2702 1601 2705 ·

273 2770 417 2825 218.
458 2766 930 2824 Adscendentes*
945 2768 1238 2823 latuerant
1266 2764 1477 2832 Persae,
1507 2782 1693 2839 quum
1722 2768 2053 2840 quemubus
2090 2775 2253 2824 totus
2301 2768 2413 2826 ob-

185 2850 348 2906 situs
376 2864 550 2903 mons
577 2854 763 2903 esset:
808 2854 1118 2919 postquam
1165 2862 1307 2900 vero
1347 2845 1791 2914 adscenderunt,
1824 2846 1937 2903 boe
1978 2848 2159 2903 modo
2199 2848 2417 2905 adven-

187 2934 394 2985 tantes
423 2926 556 2981 illos
583 2940 912 3001 cognovere
942 2924 1288 2990 Phocenses,
1319 2940 1505 2998 quum
1544 2924 1929 2998 tranquillum
1968 2931 2137 2981 esset·
2172 2926 2416 2995 coelnm,

187 3012 446 3083 propter
467 3004 610 3060 folia
637 3004 750 3061 sub
777 3003 1026 3077 pedibus
1049 3010 1230 3059 strata
1257 3004 1483 3058 multus
1516 3006 1606 3078 (ut
1647 3020 1737 3059 res
1780 3002 1923 3074 fert)
1949 3010 2112 3060 ortus
2142 3006 2420 3078 strepitus
2526 3073 2531 3077 .

185 3084 484 3144 excitavit
501 3100 601 3139 eos
627 3082 796 3139 titud
825 3100 992 3138 arma
1039 3090 1454 3137 concurrerent
1481 3096 1497 3135 ε
1542 3090 1601 3137 et
1642 3083 1915 3155 protinus
1940 3082 2187 3139 Barbari
2212 3084 2420 3141 adsue-⁶

185 3168 364 3223 runt.
441 3163 562 3225 Qui
588 3162 692 3218 ubi
723 3169 980 3217 attuatos
1008 3176 1364 3233 conspexere
1396 3161 1571 3229 viros,
1598 3161 1793 3217 mirati
1828 3170 1992 3228 sunt,
2024 3162 2201 3235 quod,
2228 3178 2416 3237 quum

185 3243 502 3313 neminem
531 3242 643 3300 sibi
671 3247 980 3315 putassent
1009 3256 1412 3309 occursurum,
1439 3240 1505 3295 in
1534 3241 1856 3297 exercitum
1884 3239 2243 3299 incidissent.
2298 3241 2418 3299 ihi

187 3332 333 3380 tum
382 3320 715 3397 Hydarnes,
743 3319 968 3375 veritus
1009 3336 1105 3384 ne,
1136 3318 1238 3393 qui
1278 3317 1605 3375 Phocenses
1644 3328 1828 3390 erant,
1860 3318 2291 3377 Lacedaemonii
2320 3338 2418 3378 es·-

185 3408 355 3471 sem,
409 3399 682 3474 quaesivit
722 3416 798 3454 v0:³³:
845 3396 1148 3469 Ephialte,
1176 3392 1348 3467 cujus
1395 3398 1599 3471 popuii
1643 3400 1694 3455 is
1738 3406 1889 3455 esset
1941 3400 2421 3458 exercitust’ubi

183 3498 344 3537 vero
371 3479 526 3555 quod
553 3496 645 3534 res
674 3484 798 3533 erat
822 3476 1065 3543 audivit,
1093 3476 1154 3532 in
1179 3478 1364 3531 aciem
1384 3477 1587 3533 Persas
1608 3478 1900 3535 instruxit.
1965 3480 2043 3535 At
2065 3478 2421 3545 Phocenses,

185 3576 388 3636 quum
432 3556 640 3615 multis
685 3556 1015 3634 crebrisque
1061 3554 1188 3611 telis
1232 3554 1564 3622 ferirentur,
1594 3557 1707 3613 rati
1736 3574 1855 3612 non
1901 3558 2015 3613 nisi
2052 3558 2331 3616 adversus
2356 3575 2423 3614 se

185 3641 308 3698 hos
357 3654 482 3695 esse
528 3636 848 3711 profectos,
880 3640 1111 3707 arrepta
1137 3633 1284 3710 fuga
1327 3634 1387 3689 in
1437 3650 1741 3691 summum
1789 3636 2009 3693 montis
2051 3640 2329 3695 verticem
2354 3652 2425 3693 se

185 3716 564 3793 rffeperunt,
597 3715 669 3771 ad
711 3711 1182 3771 occumbendum
1225 3721 1479 3769 mortem
1516 3714 1728 3789 parati.
1808 3714 1894 3771 Hi
1932 3716 2117 3791 igitur
2140 3712 2223 3773 ita
2250 3722 2421 3772 erant

187 3796 486 3855 animati:
533 3803 598 3851 at
637 3794 852 3859 Persae,
877 3793 982 3866 qui
1028 3808 1162 3847 cum
1210 3790 1489 3865 Ephialte
1534 3800 1593 3849 et
1637 3792 1919 3869 Hydarne
1964 3802 2151 3863 erant,
2191 3795 2420 3853 nullam

187 3876 593 3935 Phocensiutn
623 3873 915 3939 rationem
941 3870 1251 3937 habentes,
1269 3868 1623 3928 descendere
1646 3872 1719 3929 de
1748 3881 1947 3943 monte
1974 3882 2379 3949 properarunt.

211 3968 220 3974 ·
277 3960 417 4015 219.
459 3956 583 4016 Qui
627 3954 700 4009 ad
755 3948 1354 4025 Thermopylas-erant
1403 3950 1613 4019 Graeci,
1660 3950 1747 4009 his
1798 3953 2057 4026 primum
2107 3952 2421 4028 Megistias

194 4044 390 4100 vateS,
432 4032 713 4107 inspeetis
765 4029 1046 4095 victimiS,
1075 4027 1418 4101 praedixerat
1444 4037 1697 4089 mortem
1736 4032 1929 4105 primo
1970 4048 2147 4090 mane
2198 4033 2284 4092 eis
2329 4034 2421 4091 In·

191 4122 495 4173 stantem:
543 4110 754 4168 deinde
781 4108 1064 4165 advenere
1090 4106 1434 4183 transfugae,
1464 4108 1647 4183 quum
1672 4110 1868 4167 >adhuc
1906 4118 2050 4167 tunc
2088 4128 2207 4168 nox
2245 4121 2421 4177 esset,

189 4193 519 4253 circuitum
549 4191 812 4251 hostium
841 4186 1194 4245 nunciantes
1222 4208 1234 4245 ε
1283 4186 1460 4245 tertio
1498 4190 1891 4265 speculatores
1915 4188 2131 4259 diurni,
2158 4190 2233 4249 de
2256 4192 2425 4249 suni-r
