2925 4992
508 319 594 374 80
1099 311 1596 374 HERODOTI
1661 310 2028 377 HISTOR.
2080 311 2131 374 1»
2183 356 2190 364 -

515 481 560 506 “
589 480 828 532 tanturn
857 471 1071 544 effecit,
1099 474 1273 545 eique
1293 471 1661 547 gratificatus
1700 480 1809 530 est.
1888 473 2047 532 Nam
2074 471 2265 532 tribus
2288 472 2463 530 annis
2490 470 2731 542 distulit

515 561 558 584 “
589 552 864 609 Sardium
889 551 1423 627 expugnationem.
1408 565 1422 581 ·
1469 559 1528 604 et
1557 550 1667 606 hoc
1690 552 1836 612 sciat
1862 552 2123 618 Croesus,
2150 551 2343 608 tribus
2370 559 2503 626 post
2528 549 2727 620 annis,

515 638 766 704 “quam
815 630 940 691 fata
983 631 1366 694 destinarant,
1407 635 1643 701 captum
1674 646 1736 686 se
1762 647 1907 686 esse.
1989 629 2261 686 Secundo
2288 629 2419 688 loco
2444 649 2635 704 quum
2660 632 2729 688 in

539 717 656 764 ‘eo
684 716 834 764 esset
862 718 931 766 ut
959 709 1096 784 igne
1122 715 1500 772 cremaretur,
1526 724 1701 780 opem
1728 707 1783 764 ei
1808 709 1963 767 tulit.
2044 707 2182 766 Jam
2204 708 2365 780 quod
2408 709 2483 766 ad
2514 726 2735 768 oracu-

543 788 720 844 ‘lum
761 796 1008 860 spectat,
1043 781 1336 844 immerito
1362 786 1598 846 Croesus
1638 787 1813 842 deum
1856 795 2107 844 accusat.
2190 787 2541 856 Praedixerat
2564 788 2729 846 enim

539 867 642 922 ‘ei
672 866 899 937 Apollo,
929 867 978 922 si
1009 866 1230 922 bellum
1275 863 1460 920 Persis
1490 863 1755 930 inferret,
1782 865 1909 922 fore
1949 873 2019 921 ut
2062 865 2266 938 ingens
2294 873 2583 922 everteret
2604 865 2725 924 im-

514 943 830 1017 “perium.
914 945 1145 1003 Croesus
1171 949 1370 998 autem
1397 941 1470 996 ad
1497 941 1644 1008 haec,
1674 943 1723 998 si
1752 951 1903 1000 recte
1938 943 2053 1000 sibi
2086 943 2388 1000 consulere
2411 944 2727 1012 voluisset,

515 1021 876 1081 “debuerat
898 1023 1094 1081 denuo
1136 1021 1370 1078 mittere
1418 1021 1801 1088 sciscitatum,
1828 1039 2097 1088 suumne,
2122 1038 2197 1078 an
2224 1023 2362 1095 Cyri
2408 1023 2729 1094 imperium

514 1100 800 1156 “dixerit
823 1087 1004 1158 deus?
1049 1100 1241 1174 Igitur
1262 1116 1448 1172 quum
1474 1115 1591 1156 non
1610 1099 1960 1156 intellexerit
1988 1116 2359 1173 responsum,
2387 1118 2495 1156 nec
2518 1100 2725 1157 denuo

514 1179 906 1252 “quaesierit,
931 1178 1042 1236 sibi
1084 1178 1196 1250 ipsi
1220 1178 1442 1240 tribuat
1480 1177 1731 1250 culpam.
1810 1178 2023 1235 Eidem
2065 1195 2205 1234 vero
2251 1179 2429 1236 etiam
2475 1179 2729 1235 tertium

513 1255 926 1316 “considenti
947 1256 1244 1329 respondit
1272 1255 1485 1328 Apollo
1510 1272 1581 1310 ea
1606 1273 1741 1328 quoe
1762 1255 1837 1312 de
1862 1257 2028 1315 mulo
2054 1256 2387 1329 respondit:
2432 1265 2495 1313 at
2519 1256 2617 1312 ille
2648 1274 2731 1314 ne

513 1341 557 1366 “
586 1333 700 1394 hoc
723 1335 960 1410 quidem
987 1333 1298 1392 intellexit.
1377 1332 1537 1390 Nam
1580 1334 1773 1397 mulus
1818 1335 1935 1400 hic,
1968 1335 2155 1408 Cyrus
2184 1341 2341 1390 erat·
2384 1335 2603 1408 quippe
2646 1351 2745 1392 ex-

512 1413 813 1471 “duabus
842 1412 1081 1474 diversis
1107 1411 1384 1486 gentibus
1409 1420 1595 1477 ortus,
1624 1420 1809 1471 matre
1850 1413 2109 1476 melioris
2148 1413 2521 1479 conditionis,
2553 1421 2726 1486 patre

537 1498 722 1548 ‘vero
751 1490 1056 1548 inferioris.
1135 1489 1250 1546 Illa
1298 1490 1462 1546 enim
1507 1489 1685 1546 Meda
1730 1499 1873 1556 erat,
1902 1499 1963 1546 et
1996 1490 2235 1577 quidem
2277 1491 2550 1566 Astyagis
2576 1490 2727 1560 filia,

513 1575 557 1603 “
586 1569 742 1645 regis
767 1569 1120 1630 Medorum:
1165 1569 1260 1628 hic
1287 1585 1426 1624 vero
1463 1567 1641 1625 Persa
1664 1568 1800 1636 fuit,
1830 1569 2067 1630 illorum
2100 1563 2441 1638 subject-us
2426 1569 2720 1643 imperio·
2699 1609 2721 1640 ,

537 1654 663 1715 ‘,et
692 1665 828 1704 cum
855 1647 1094 1708 infici-ior
1121 1661 1272 1703 esset
1301 1646 1477 1704 rebus
1501 1647 1797 1714 omnibus,
1839 1648 2147 1705 dominam
2194 1664 2365 1712 suam
2407 1647 2468 1704 in
2518 1648 2729 1704 matri-

536 1727 856 1786 ‘monium
881 1726 1102 1784 duxitss'
1187 1725 1336 1784 Haec
1359 1723 1543 1799 Lydis
1584 1725 1797 1800 Pythia
1840 1725 2181 1798 respondit3
2215 1742 2349 1798 quae
2390 1725 2476 1780 illi
2512 1725 2727 1784 Sardes

509 1805 861 1870 retulerunt,
912 1804 1228 1878 Croaeoque
1278 1804 1657 1860 nunciarunt.
1737 1804 1971 1866 Quibus
2020 1801 2261 1869 auditis,
2291 1803 2391 1860 ille
2432 1821 2600 1869 suam
2627 1805 2728 1878 ip-

507 1883 632 1942 sius
660 1882 908 1957 agnovit
934 1899 1058 1940 esse
1083 1882 1341 1954 culpam,
1372 1899 1491 1936 non
1518 1881 1625 1939 dei.
1690 1882 1865 1948 Quod
1893 1883 2073 1956 igitur
2090 1881 2164 1938 ad
2191 1882 2415 1946 Croesi
2400 1883 2727 1957 imperium

510 1969 755 2035 spectat,
801 1967 862 2016 et
903 1959 976 2016 ad
1015 1960 1266 2050 primam
1291 1959 1484 2016 Ioniae
1524 1959 1635 2016 sub
1675 1961 1968 2024 alienum
1953 1956 2267 2036 imperium
2295 1959 2725 2030 redactionem,

508 2057 582 2096 eo
607 2038 785 2097 modo
811 2055 932 2111 quo
959 2039 1338 2112 exposuimus
1366 2055 1454 2094 res
1485 2045 1671 2111 gestae
1698 2045 1857 2096 sunt.

593 2121 688 2176 92.
729 2117 994 2176 Donaria
1019 2125 1220 2174 autem
1242 2115 1426 2172 Croesi
1457 2133 1581 2178 non
1608 2134 1677 2172 ea
1701 2117 1919 2183 solum,
1938 2133 2073 2189 quae
2096 2115 2725 2184 commemoravimus,

510 2194 614 2254 sed
641 2202 702 2252 et
729 2194 848 2253 alia
872 2194 1062 2253 multa
1085 2201 1322 2252 exstant
1345 2194 1406 2250 in
1427 2194 1670 2255 Graecia.
1751 2194 1995 2254 Etenim
2016 2195 2239 2254 Thebis
2254 2193 2503 2251 Boeotiis
2528 2195 2725 2268 tripus

506 2282 598 2335 est
643 2290 880 2348 ursus,
924 2289 1102 2346 quem
1144 2271 1405 2345 Apollini
1448 2271 1669 2330 dicavit
1713 2270 2012 2332 Ismenio.
2068 2272 2287 2346 Ephesi
2330 2289 2493 2338 vero,
2539 2272 2737 2333 boves-

504 2369 718 2419 aureae,
766 2361 827 2408 et
871 2354 1279 2412 columnarum
1307 2346 1655 2424 pleraeque:
1702 2359 1831 2412 tum
1881 2352 1940 2408 in
1990 2349 2243 2409 Pronaea
2286 2350 2409 2408 oede
2448 2350 2727 2424 Delphis,

503 2430 744 2505 clypeus
783 2447 994 2492 aureus
1033 2429 1261 2504 ingens
1340 2429 1428 2490 Et
1464 2429 1591 2490 haec
1632 2430 1871 2504 quidem
1902 2428 1975 2486 ad
2007 2446 2201 2486 meam
2250 2443 2439 2502 usque
2481 2438 2725 2488 aetatem

502 2509 952 2582 superfuerunt,
999 2509 1114 2566 alia
1139 2525 1278 2564 vero
1300 2507 1731 2568 interciderunt
1752 2507 2028 2564 donaria·
2017 2551 2031 2564 .
2077 2508 2139 2565 in
2166 2508 2259 2564 his
2286 2525 2375 2575 ea,
2401 2525 2532 2582 quae
2556 2507 2737 2582 apud-

502 2587 866 2648 Branchidas
906 2585 1278 2644 Milesiorum
1321 2592 1779 2653 consecraverat,
1808 2586 2055 2659 aequalia
2098 2586 2378 2659 pondere,
2403 2595 2477 2643 ut
2514 2587 2725 2656 audio,

504 2673 566 2726 et
591 2665 810 2724 similia
833 2665 918 2722 eis
952 2681 1086 2737 quoe
1131 2671 1270 2720 sunt
1310 2664 1576 2737 Delphis
1653 2663 1735 2726 Et
1762 2681 1907 2756 ‘quae
1951 2664 2190 2738 quidem
2210 2664 2465 2739 Delphis
2488 2672 2548 2728 et
2572 2665 2725 2724 Am-

502 2743 732 2819 phinni
774 2741 1010 2802 oraculo
1069 2742 1334 2808 donavit,
1385 2742 1619 2816 propria
1667 2742 1851 2816 ipsius
1904 2742 2159 2810 fuerant,
2204 2750 2264 2798 et
2326 2750 2717 2836 patero-arum

503 2839 690 2896 upum
717 2821 1029 2895 primitiae:
1073 2820 1300 2894 reliqua
1336 2839 1475 2878 vero
1516 2839 1551 2878 e
1593 2819 1971 2882 facultatibus
2016 2817 2129 2878 viri
2175 2820 2416 2878 fuerunt
2466 2820 2721 2889 inimici,

504 2901 605 2974 qui
642 2900 867 2964 Croeso,
897 2900 1243 2972 priusquam
1285 2909 1574 2973 regnaret,
1614 2898 1807 2958 fuerat
1852 2901 1917 2958 in
1968 2899 2271 2973 republica
2314 2899 2711 2968 adversarius,

503 2977 880 3038 Pantaleonti
931 2977 1252 3036 conciliare.
1295 2979 1536 3037 studens
1582 2977 1887 3053 Lydorum
1940 2995 2211 3052 regnum.
2308 2978 2457 3037 Erat
2504 2985 2717 3042 autem

503 3055 834 3116 Pantaleon
873 3056 1124 3128 Alyattis
1165 3055 1403 3130 quidem
1445 3056 1621 3122 filius,
1658 3057 1847 3115 Croesi
1892 3054 2089 3127 frater,
2122 3065 2184 3112 at
2232 3073 2351 3114 non
2390 3074 2467 3112 ex
2508 3055 2735 3112 eadem-

505 3143 730 3194 matre:
777 3152 921 3194 nam
948 3134 1186 3192 Croesus
1209 3141 1268 3190 et
1296 3135 1505 3192 Carica
1529 3151 1717 3192 uxore
1756 3141 1933 3190 natus
1972 3143 2097 3190 erat
2121 3135 2362 3227 Aly-›ssffl
2389 3133 2725 3192 Pantaleon

504 3229 646 3270 vero
673 3229 746 3270 ex
772 3210 998 3270 Ionica.
1075 3213 1396 3285 Postquam
1436 3221 1637 3270 autem
1676 3212 1891 3269 tradito
1922 3229 1961 3266 a
1997 3220 2162 3285 patre
2201 3213 2447 3287 imperio
2490 3213 2721 3284 potitus

501 3299 630 3352 era-t
658 3293 922 3356 Croesus,
950 3291 1254 3350 hominem
1280 3291 1483 3355 illum,
1504 3290 1609 3377 qui
1632 3291 1745 3350 sibi
1772 3296 1897 3346 erat
1924 3289 2287 3358 adversatus,
2314 3291 2549 3351 tribulis
2576 3308 2719 3348 cru-

503 3371 728 3428 ciatum
767 3369 1044 3438 necavit3
1090 3377 1152 3426 et
1190 3369 1354 3426 bona
1389 3365 1538 3439 ejus,
1560 3365 1687 3439 jam
1728 3376 1863 3427 ante
1888 3387 1927 3424 a
1964 3387 2029 3426 se
2054 3367 2165 3429 diis
2208 3370 2423 3435 (licata,
2451 3376 2599 3426 tune
2646 3386 2723 3425 eo

504 3465 626 3522 quo
653 3447 910 3506 diximus
936 3445 1116 3506 modo
1140 3447 1284 3505 locis
1312 3448 1439 3508 istis
1465 3448 1847 3508 consecravit.
1902 3445 1986 3504 Et
2013 3449 2137 3510 haec
2162 3449 2403 3524 quidem
2427 3447 2499 3504 de
2524 3447 2721 3506 dona·-

503 3527 608 3583 riis
634 3525 914 3583 hactenus
940 3525 1100 3586 dicta
1125 3535 1323 3582 sunto.

584 3607 680 3662 93.
719 3604 838 3662 Res
865 3603 1252 3671 admirandas,
1284 3623 1416 3678 quae
1461 3605 1681 3678 scripto
1706 3604 2153 3679 consignentur,
2181 3612 2335 3662 terra
2358 3603 2559 3680 Lydia,
2574 3604 2715 3662 nul-

501 3683 592 3744 hs
615 3682 938 3744 admodum
963 3681 1160 3748 habet,
1187 3693 1366 3756 prout
1391 3683 1524 3740 aliae
1548 3684 1855 3758 regiones,
1840 3707 1853 3720 ·
1900 3691 2111 3755 praeter
2130 3686 2259 3740 auri
2284 3689 2557 3749 ramenta,
2584 3700 2725 3756 quae

502 3780 538 3822 c
561 3761 778 3820 Tmolo
818 3758 1187 3820 deferuntur.
1267 3762 1475 3819 Unum
1521 3779 1661 3818 vero
1706 3779 1857 3834 opus
1870 3761 2211 3820 bominum
2237 3762 2475 3822 exhibet
2518 3762 2723 3821 multo

501 3842 855 3905 maximum,
883 3847 1018 3914 post
1043 3839 1464 3931 AEgyptiorum
1494 3841 1701 3914 utique
1745 3848 1822 3927 et·
1844 3839 2313 3912 Babyloniorum
2338 3856 2535 3913 opera.
2602 3839 2723 3898 Est

503 3919 588 3978 ibi
615 3921 862 3992 Alyattis
885 3917 1219 3992 sepulcrum,
1251 3919 1428 3992 patris
1457 3919 1685 3989 Crmsi,
1730 3913 1901 3987 cuius
1944 3915 2097 3975 basis
2145 3937 2220 3976 ex
2252 3917 2579 3993 grandibus
2620 3917 2717 3974 la-

502 3997 742 4070 pidibus
767 3995 1058 4066 confecta,
1085 3995 1380 4070 reliquum
1404 4005 1867 4060 monumentum
1889 4005 2056 4054 terroe
2081 4000 2345 4056 tumulus
2372 4002 2483 4061 est,
2514 3993 2719 4060 mani-

503 4075 616 4134 bus
668 4076 976 4134 hominum
1035 4083 1336 4150 aggestus.
1441 4075 1847 4132 Confecerunt
1910 4075 2057 4134 illud
2108 4077 2377 4134 homines
2420 4073 2713 4141 forenses,

502 4153 764 4230 opifices,
791 4161 854 4214 et
877 4151 1092 4229 pueuae
1118 4170 1379 4230 corpore·
1397 4164 1691 4228 quaestum
1734 4153 2033 4217 facientes.
2106 4155 2375 4218 Fuerunt
2412 4160 2615 4218 autem
2638 4152 2723 4210 ad
