2925 4992
582 298 707 361 254
1184 290 1686 357 HERoDon
1735 290 2102 355 ffls'ron.
2141 292 2216 351 V.

576 465 622 517 *ξ’
652 457 759 523 tio,
788 452 1131 531 prolemque
1157 452 1393 515 actioni
1418 453 1774 514 nascituram
1802 452 2130 513 interficere
2153 452 2550 515 decreverunt.
2594 454 2740 515 Post-

578 544 621 573 “
648 553 829 611 quam
860 536 1085 607 peperit.
1108 532 1345 602 mulier,
1376 535 1630 592 mittunt
1668 534 1944 607 protinus
1969 534 2170 591 decem
2197 534 2272 595 dc
2295 534 2420 591 suis
2442 535 2510 597 iu
2547 551 2740 609 pagum

578 621 621 647 “
646 627 825 689 quem
854 612 1157 671 habitabat
1180 613 1421 677 Aetion,
1438 612 1542 685 qui
1567 612 1968 671 interimerent
1992 630 2269 686 puerum.
2305 611 2392 671 Hi
2411 610 2516 671 ubi
2541 614 2742 671 Petram

492 722 497 729 ·
576 702 619 727 “
645 700 959 759 venerunt,
998 692 1315 765 aulamque
1366 691 1660 749 intrarunt
1703 691 1990 755 Aetionis,
2033 708 2280 764 puerum
2329 692 2654 764 postulant:
2691 700 2744 747 et

577 772 621 807 ‘⁶
647 779 857 833 mater.
894 773 1103 844 ignara
1140 788 1261 845 quo
1300 769 1552 827 consilio
1597 770 1990 832 advenissent.
2023 770 2480 843 existimatusque
2519 772 2742 829 benere-³

578 859 623 885 “
651 851 847 909 lentiae
898 866 1105 907 caussa
1156 853 1215 909 in
1265 857 1496 923 patrem
1537 866 1754 922 cupere
1801 848 1936 906 illos
1983 849 2276 907 infantem
2326 847 2542 917 videre,
2583 850 2746 908 adfert

578 938 625 967 “
654 931 847 995 illum,
876 938 935 985 et
974 930 1083 984 uni
1128 929 1341 983 horum
1370 928 1431 984 in
1475 944 1690 983 manus
1712 927 1908 985 tradit.
1981 926 2056 987 In
2095 928 2304 1012 itinere
2333 936 2531 985 autem
2574 928 2632 988 hi
2667 930 2743 987 in-

580 1016 621 1041 “
652 1018 741 1067 ter
784 1024 847 1064 se
888 1009 1337 1075 constituerant,
1366 1015 1452 1073 ut,
1495 1005 1598 1079 qui
1638 1006 1950 1079 puerulum
1997 1006 2222 1079 primus
2257 1008 2320 1066 in
2360 1024 2562 1065 manus
2605 1026 2742 1064 acce-

580 1080 637 1120 “’
651 1088 853 1161 pisset,
884 1088 930 1141 is
972 1104 1113 1143 eum
1160 1088 1347 1143 humo
1390 1084 1689 1143 adlideret.
1771 1084 1908 1155 Jam
1954 1102 2094 1143 vero
2135 1086 2334 1143 divina
2369 1086 2614 1161 quasdam
2647 1087 2750 1143 for-'-

581 1173 622 1199 ⁶‘
650 1175 797 1223 tuna
820 1164 1055 1230 accidit,
1083 1173 1151 1221 ut
1192 1164 1421 1231 infans‚·
1432 1164 1576 1221 dum
1607 1162 1874 1221 tradebat
1913 1182 2056 1231 eum
2097 1172 2308 1230 mater,
2337 1166 2608 1224 arrideret
2627 1184 2744 1223 eum

580 1252 624 1291 ‘-‘
650 1245 751 1302 cui
795 1244 1134 1301 tradebatur
1156 1266 1173 1301 ε
1216 1252 1279 1299 et
1324 1244 1502 1309 hunc,
1531 1242 1634 1299 ubi
1675 1242 1736 1301 id
1777 1242 2210 1311 animadvertit,
2253 1244 2638 1304 misericordia
2673 1260 2745 1301 re·-

580 1328 628 1382 ‘.‘
656 1324 839 1381 tinuit
880 1340 953 1378 ne
994 1322 1298 1380 occideret.
1374 1322 1696 1379 Miseratus
1731 1322 1912 1397 igitur
1949 1338 2203 1395 puerum
2243 1320 2424 1381 tradit
2457 1324 2662 1395 .alteri;
2698 1329 2745 1379 et

580 1411 622 1435 “
652 1404 753 1461 ille
792 1400 1029 1459 tradidit
1074 1402 1247 1459 tertio
1270 1423 1287 1457 ·.
1350 1409 1528 1474 atque
1577 1402 1664 1457 ita
1709 1419 1811 1473 per
1853 1408 2102 1461 cunctos
2153 1401 2358 1459 decern
2411 1404 2648 1468 transiit,
2686 1401 2746 1457 ab

582 1490 623 1517 “
654 1482 841 1539 altero
890 1480 1057 1539 alteri
1096 1481 1383 1549 traditus3
1427 1480 1662 1537 nemine
1695 1476 2030 1537 interimere
2071 1497 2210 1537 eum
2247 1480 2508 1545 volente.
2601 1480 2743 1539 Post·

582 1566 626 1596 ‘⁶
654 1576 833 1635 quam
874 1558 1058 1634 igitur
1097 1560 1273 1617 matri
1310 1576 1560 1633 puerum
1605 1558 2001 1624 reddiderant,
2029 1565 2092 1615 et
2127 1558 2306 1617 domo
2327 1568 2502 1617 erant
2537 1559 2742 1635 egressi,

580 1647 624 1674 “
654 1648 879 1697 stantes
919 1656 1027 1712 pro
1066 1638 1319 1705 foribus,
1344 1638 1820 1695 conviciabantur
1843 1638 1990 1695 alter
2015 1638 2268 1703 alterum
2295 1640 2744 1713 accusabantque,

580 1726 621 1757 “
652 1726 717 1777 et
762 1734 903 1775 eum
940 1717 1199 1773 maxime
1242 1718 1345 1791 qui
1384 1718 1610 1791 primus
1649 1728 1948 1790 acceperat
1987 1716 2304 1785 infantem,
2331 1720 2490 1791 quod
2523 1735 2636 1775 non
2677 1717 2746 1771 fe-

581 1804 627 1847 ‘.‘
656 1799 834 1855 eisset
872 1796 1371 1869 quemadmodum
1415 1798 1566 1855 inter
1617 1796 1779 1870 ipsos⁴
1817 1797 2210 1854 constitutum
2259 1794 2488 1859 fuisset.
2549 1796 2632 1855 Ad
2663 1814 2746 1851 ex·

580 1884 629 1925 ‘.‘
654 1887 941 1940 tremum,
982 1870 1293 1944 interjecto
1333 1885 1622 1948 tempore,
1656 1875 1878 1949 placuit
1921 1876 2138 1945 iterum
2177 1877 2418 1943 intrare.
2441 1885 2502 1933 et
2541 1882 2748 1935 cunctos

579 1962 618 1987 ‘'
650 1955 1003 2029 participare
1050 1953 1285 2009 eaedcm.
1358 1959 1480 2027 (9⁶2.
1506 1953 1590 2019 4.)
1648 1952 1756 2011 Sed
1801 1954 2040 2011 voluere
2091 1955 2234 2019 fata,
2287 1964 2355 2013 ut
2408 1972 2480 2011 ex
2521 1953 2750 2013 Aetionis

471 2053 479 2062 ·
582 2041 625 2069 “
648 2033 822 2108 prole
864 2030 1092 2089 malum
1132 2032 1407 2089 existeret
1451 2032 1756 2093 Corintho.
1837 2032 2068 2099 Labda,
2105 2042 2263 2091 stans
2301 2034 2376 2091 ad
2418 2032 2742 2109 ipsas-fores,

581 2118 624 2145 ‘⁶
653 2110 861 2169 omnia
898 2110 1013 2167 ista
1036 2110 1450 2167 exaudiverat.·
1511 2108 1718 2185 Itaque
1745 2112 1952 2179 verita,
1981 2129 2058 2169 ne
2085 2122 2316 2171 mutato
2355 2113 2596 2171 consilio
2633 2128 2744 2183 pue·

581 2198 625 2223 “
654 2209 787 2251 rum
814 2191 1031 2247 iterum
1056 2197 1361 2263 acceptum
1386 2190 1806 2255 interimerent,
1823 2200 2190 2263 asportatum
2211 2192 2528 2251 occultavit
2549 2193 2604 2250 in
2620 2190 2741 2252 loco,

582 2278 621 2305 “
650 2271 725 2337 de
766 2284 888 2343 quo
931 2266 1181 2325 minime
1222 2269 1588 2343 cogitaturos
1631 2270 1764 2325 illos
1813 2270 2188 2335 existimavit,
2222 2272 2284 2327 in
2325 2288 2494 2327 arca:
2537 2277 2746 2325 noverat

578 2358 631 2422 “.
656 2349 835 2414 enim,
856 2348 903 2405 si
928 2348 1141 2405 reversi
1158 2348 1359 2405 denuo
1380 2348 1740 2421 requirerent
1757 2366 2028 2421 puerum,
2045 2350 2250 2407 omnia
2269 2350 2408 2406 illos
2425 2349 2746 2423 pervestiga-

583 2437 626 2461 “
654 2424 854 2487 turos:
900 2427 1077 2500 idque
1104 2427 1191 2483 illi
1216 2426 1504 2483 fecerunt.
1585 2427 1698 2483 Sed
1736 2436 2046 2501 postquam
2077 2428 2458 2486 redeuntibus
2479 2425 2746 2502 quaerenti·

580 2516 622 2541 “
657 2509 883 2581 busque
912 2522 1207 2579 nusquam
1234 2505 1564 2578 comparuit
1589 2506 1822 2576 infans3
1870 2507 2106 2579 placuit‘
2129 2508 2308 2573 abire,
2339 2509 2750 2577 renunciareque

581 2583 747 2647 “his
786 2586 883 2659 qui
935 2585 1095 2657 ipsos
1134 2584 1439 2650 miserant,
1469 2584 1674 2639 omnia
1715 2602 1752 2641 a
1797 2602 1860 2641 se
1901 2593 2134 2657 peracta
2169 2603 2304 2643 esse
2339 2604 2474 2660 quae
2511 2584 2750 2645 mandata

581 2673 625 2698 “
651 2664 923 2721 fuissent.
976 2662 1074 2719 nli
1102 2664 1287 2736 igitur
1312 2663 1609 2729 abierunt,
1639 2663 1814 2736 idque
1842 2666 2284 2725 renunciarunt.
2339 2670 2464 2737 (92.
2489 2666 2566 2735 5.)
2602 2664 2744 2719 Post-

584 2751 627 2775 “
662 2745 785 2804 hoec
818 2741 999 2803 crevit
1026 2740 1289 2799 Aetionis
1318 2741 1476 2797 filius
1501 2764 1514 2796 ι
1561 2752 1641 2806 et,
1669 2742 1950 2814 quoniam
1981 2743 2308 2815 periculum
2341 2745 2458 2801 hoc
2483 2744 2744 2817 effugerat,

584 2829 626 2855 “
656 2823 733 2879 ab
772 2838 905 2877 arca
943 2821 1048 2877 illa
1080 2820 1301 2897 [arcam
1342 2820 1538 2877 Graeci
1575 2820 1792 2886 κυψέλην
1819 2820 2052 2895 dicunt]
2089 2823 2438 2896 impositum
2473 2825 2525 2879 ei
2563 2836 2744 2880 nomen

582 2908 627 2933 “
654 2910 743 2957 est
774 2900 1078 2975 Cypselus,
1158 2898 1274 2960 Qui
1320 2907 1630 2973 postquam
1661 2899 1891 2969 virilem
1917 2908 2149 2957 aetatem
2177 2908 2266 2959 est
2307 2903 2616 2977 ingressus,
2637 2914 2745 2955 ora-

586 2986 631 3012 “
658 2980 977 3053 culumque
1001 2971 1251 3051 Delphis
1282 2976 1600 3043 consuluit,
1631 2972 1982 3053 ambiguum
2012 2980 2234 3053 accepit
2277 2964 2629 3057 responsum,
2651 2992 2745 3051 quo

586 3064 630 3091 ‘⁶
663 3058 851 3117 fretus
874 3059 1185 3136 adgressus
1210 3066 1297 3113 est
1326 3060 1628 3131 tenuitque
1657 3055 2030 3115 Corinthum.
2087 3059 2471 3135 Responsum
2494 3060 2744 3117 hocerat:

906 3186 947 3213 “
970 3178 1105 3231 reux
1124 3184 1199 3229 vir
1218 3187 1405 3229 nostras
1422 3182 1503 3228 hic
1525 3183 1606 3242 qui
1629 3182 1871 3229 descendit
1893 3184 1952 3230 ad
1974 3184 2114 3243 aedes,

906 3252 945 3279 “
968 3250 1199 3309 Cypselus
1219 3248 1431 3305 Aetides,
1454 3249 1592 3294 clarae
1615 3262 1693 3293 rex
1713 3248 1794 3293 ille
1817 3250 2058 3307 Corinthi,

910 3318 952 3343 “
978 3314 1105 3373 Ipse,
1126 3319 1176 3359 et
1196 3328 1253 3359 eo
1277 3314 1397 3371 nati,
1421 3314 1503 3359 sed
1526 3314 1646 3359 nulli
1667 3313 1836 3361 deinde
1857 3319 2072 3375 nepotes.

569 3456 626 3486 ·“
658 3446 791 3503 Hoc
818 3452 1057 3519 accepto
1092 3461 1369 3520 responso
1410 3452 1722 3519 postquam
1762 3443 2076 3521 tyrannide
2115 3448 2336 3523 potitus
2361 3456 2457 3507 est.
2479 3439 2743 3523 Cypselus,

586 3534 627 3559 “
660 3524 747 3581 vir
772 3525 883 3581 fuit
912 3520 1251 3595 hujusmodi
1275 3547 1288 3581 z
1322 3526 1542 3581 multos
1566 3525 2009 3583 Corinthiorum
2037 3524 2100 3583 in
2127 3528 2404 3587 exsilium
2427 3524 2606 3601 ejecit,
2624 3520 2744 3579 mul-
2783 3528 2794 3543 ‘

584 3613 627 3639 “
658 3606 732 3663 tis
754 3604 919 3661 ⁴bona
944 3604 1180 3678 eripuit,
1202 3604 1302 3661 sed
1328 3604 1506 3679 longe
1533 3604 1802 3677 plurimis
1831 3605 2032 3661 vitam.
2117 3611 2240 3677 (9⁶2.
2267 3608 2352 3675 6.)
2398 3607 2570 3670 Huic,
2591 3614 2742 3676 quum

582 3692 624 3719 ‘¹
654 3682 896 3761 triginta
939 3693 1235 3758 regnasset
1273 3700 1482 3751 annm,
1509 3690 1569 3739 et
1610 3700 1886 3757 prospera
1923 3685 1980 3739 in
2027 3685 2270 3743 fortuna
2309 3687 2491 3745 vitatu
2534 3683 2741 3741 finisset.

584 3771 627 3797 “
656 3766 959 3821 successor
996 3762 1319 3837 tyrannidis
1360 3758 1474 3819 fuit
1513 3761 1670 3817 filius
1699 3760 2022 3821 Periander.
2107 3764 2184 3821 Et
2216 3758 2524 3827 Periander
2543 3758 2742 3836 quidem

584 3850 633 3878 “
662 3843 833 3900 initio
860 3841 1058 3897 mitior
1084 3848 1209 3899 erat
1234 3858 1413 3914 quam
1442 3840 1764 3913 Cypselus:
1815 3842 1937 3907 sed,
1967 3860 2039 3897 ex
2065 3859 2186 3915 quo
2221 3862 2324 3917 per
2349 3844 2584 3901 nuncios
2607 3852 2742 3899 com*

588 3927 633 3955 “
661 3919 949 3979 mercium
994 3920 1203 3977 habuit
1244 3937 1385 3975 cum
1426 3919 1826 3992 ThrasybuIO,
1871 3920 2242 3979 Milesiorum
2293 3933 2552 3995 tyranno,
2587 3914 2743 3975 muita

588 4008 630 4045 ‘-‘
658 4001 837 4057 etiam
864 3999 1371 4074 sanguinolentior
1394 3998 1586 4057 evasit
1612 4007 1792 4071 patre.
1862 4000 2052 4059 Misso
2077 4000 2151 4057 ad
2175 4001 2600 4077 'i‘hrasybulum
2625 4008 2743 4067 με·

588 4087 634 4115 “
664 4095 815 4136 cone
858 4078 1131 4151 quaesivit
1173 4096 1247 4135 ex
1296 4076 1427 4144 iilo,
1464 4095 1570 4151 quo
1611 4084 1796 4148 pacto,
1833 4079 1990 4134 rebus
2029 4082 2272 4139 omnibus
2297 4080 2604 4156 firmissime
2639 4088 2751 4130 (θ’θ’.

589 4164 635 4191 “
664 4151 893 4225 reiculis,
944 4160 1145 4239 optime
1188 4164 1439 4232 praeesset
1489 4157 1784 4235 civitati?
1817 4156 2244 4233 ThrasybuluS,
2303 4160 2536 4219 homine
2593 4150 2680 4229 qui
2719 4162 2746 4199 ³
