2925 4992
510 300 629 355 886
1082 291 1586 354 HERODOTI
1656 289 2019 353 HISTOR.
2077 286 2245 347 vm.

518 453 611 510 his
650 452 935 529 eligerent
973 454 1217 529 optima.
1296 452 1620 525 Postquam
1658 446 1889 509 dicendi
1933 450 2110 507 finem
2151 448 2310 514 fecit,
2341 446 2728 509 conscendere

521 548 702 589 naves
732 550 869 589 suos
888 529 1085 605 jussit.
1151 532 1269 595 Qui
1298 530 1443 587 dum
1471 530 1888 595 conscendunt,
1919 529 2107 585 adfuit
2133 546 2208 593 ex
2231 528 2460 603 AEgina
2487 526 2728 585 triremis

520 629 653 685 quae
680 611 753 667 ad
781 610 1149 669 deducendos
1174 609 1451 667 AEacidas
1488 607 1666 665 missa
1698 616 1856 665 erat·
1905 617 2036 665 tum
2075 607 2290 665 deinde
2329 605 2578 665 navibus
2601 622 2727 663 om-

525 690 701 745 nibus
728 708 787 745 ex
802 691 917 747 ecti
944 699 1082 747 sunt
1110 689 1321 747 Graeci.

602 772 696 825 84.
738 768 902 829 Quos
930 770 989 825 in
1018 770 1201 825 altum
1238 774 1466 823 evectos
1509 771 1678 821 tanto
1717 765 1986 838 protinus
2028 765 2254 837 impetu
2296 763 2562 839 adgressi
2600 772 2733 821 sunt

522 846 790 913 Barbari,
820 859 887 905 ut
913 844 1106 905 caeteri
1134 847 1323 903 Graeci
1351 862 1553 901 omnes
1585 845 1641 900 in
1669 842 1914 918 puppim
1943 844 2324 918 remigarent,
2351 852 2410 899 et
2439 851 2609 901 terrae
2635 843 2732 899 ad-

518 938 834 983 moverent
890 944 1081 983 naves.
1167 924 1333 981 Unus
1386 923 1675 989 Aminias,
1719 922 2084 987 Atheniensis
2135 922 2300 986 civis,
2347 921 2732 987 Pallenensis,

520 1004 766 1081 longius
792 1014 1049 1071 evectus,
1076 1000 1289 1059 navem
1320 1001 1596 1057 hostilem
1635 1010 1822 1058 rostro
1867 1001 2052 1075 petiit.
2132 997 2313 1071 Cujus
2345 1002 2525 1057 navis
2553 1018 2734 1075 quum

524 1083 694 1140 alteri
720 1083 1005 1159 implicita
1032 1084 1297 1149 haereret,
1326 1098 1431 1137 nec
1460 1081 1596 1135 inde
1624 1079 1824 1135 duelli
1853 1088 2084 1153 posset,
2129 1080 2216 1137 ita
2251 1078 2487 1137 demum
2519 1077 2733 1146 caeteri,

525 1160 747 1219 auxilio
812 1163 1118 1219 venientes
1174 1156 1441 1225 Amnum,
1507 1159 1776 1232 praelium
1843 1158 2290 1215 commiserunt·
2369 1157 2441 1215 Id
2496 1158 2734 1232 quidem

525 1240 704 1297 fuisse
725 1242 939 1297 navalis
964 1258 1162 1314 pugnae
1182 1226 1401 1305 initium
1424 1245 1756 1293 memorant
1775 1238 2200 1295 Athenienses:
2241 1236 2550 1311 AEginetae
2576 1254 2732 1303 vere,

525 1318 689 1375 illam
722 1337 951 1383 navem,
982 1322 1165 1386 aiunt,
1196 1334 1415 1408 pugnae
1452 1316 1684 1371 initium
1712 1316 1940 1381 fecisse,
1969 1333 2102 1389 quae
2127 1315 2414 1389 AEginam
2447 1316 2524 1373 ad
2565 1315 2736 1373 adve-

523 1398 751 1455 hendos
775 1396 1046 1485 fEacidas
1075 1397 1265 1453 fuerat
1293 1396 1490 1453 missa.
1533 1395 1816 1463 Narratur
1841 1395 1953 1451 hoe
1979 1394 2179 1459 etiam,
2209 1394 2546 1465 adparuisse
2571 1394 2736 1451 Grae-

526 1477 610 1533 cis
637 1473 886 1551 speciem
915 1476 1193 1547 mulieris,
1222 1493 1359 1549 quae,
1380 1475 1535 1541 illos,
1559 1474 1642 1529 ita
1668 1481 1734 1529 ut
1761 1474 2068 1539 universus
2095 1472 2400 1537 exaudiret
2425 1470 2734 1538 exercituS,

526 1554 599 1611 ad
654 1556 885 1611 fortiter
934 1555 1321 1630 pugnandum
1377 1554 1612 1609 hortata
1653 1553 1749 1618 sit,
1790 1550 2120 1625 increpatos
2171 1551 2330 1625 prius
2380 1552 2470 1613 his
2521 1551 2734 1619 verbis,

529 1634 768 1695 Miseri!
807 1653 1077 1709 quousque
1102 1636 1159 1689 in
1180 1636 1409 1705 puppim
1438 1631 1800 1703 reatzigabitis.
1793 1632 1821 1673 9

608 1716 702 1769 85.
746 1714 971 1769 Contra
1008 1712 1387 1769 Athenienses
1430 1710 1606 1767 locati
1647 1710 1953 1771 Phoenices
1993 1718 2200 1780 erant;
2248 1711 2310 1767 hi
2349 1711 2508 1767 enim
2551 1726 2738 1767 comu

526 1791 877 1849 obtinebant
908 1792 1243 1859 Eleusinem
1274 1798 1333 1847 et
1363 1790 1726 1847 occidentem
1769 1797 2074 1862 spectans:
2121 1799 2330 1847 contra
2351 1788 2735 1848 Laeedaemo-

528 1871 659 1927 nios
704 1888 841 1927 vero
882 1870 1073 1941 loneS‚
1104 1872 1203 1943 qui
1248 1869 1307 1925 in
1346 1869 1530 1933 altero
1571 1886 1758 1925 cornu
1800 1884 2002 1924 versus
2047 1868 2330 1932 orientem
2361 1881 2422 1925 et
2453 1868 2740 1925 Piraeeum

528 1957 712 2007 erant.
804 1949 877 2004 Et
908 1950 1114 2005 horum
1139 1948 1372 2021 quidem
1402 1948 1594 2021 pauci.
1627 1956 1693 2003 ut
1719 1953 2030 2003 monuerat
2063 1964 2162 2003 eos
2190 1947 2644 2013 Themistocles,
2669 1946 2742 2003 de

529 2028 820 2083 industria
854 2022 1431 2097 cessarunt3m·1jor
1471 2044 1603 2099 pars
1632 2043 1770 2081 vero
1809 2034 2050 2083 strenue
2091 2026 2418 2100 pugnabat.
2501 2024 2738 2089 Possem

528 2123 667 2163 sane
694 2108 1020 2179 multorum
1054 2106 1301 2171 nomina
1330 2106 1776 2195 trierarchorum
1811 2104 2002 2169 edere,
2031 2104 2134 2177 qui
2163 2108 2395 2162 Graecas
2437 2122 2620 2167 naves
2645 2121 2740 2160 ce·

526 2192 781 2259 petunt:
826 2201 929 2239 nec
961 2202 1097 2243 vero
1124 2202 1223 2239 eos
1250 2184 1613 2253 memorabo,
1643 2183 1756 2249 nisi
1795 2183 1845 2239 Ἱ
1851 2184 2278 2241 heomestorem
2301 2182 2742 2243 Androdaman-

532 2264 609 2321 tis
650 2262 861 2328 filium,
892 2270 950 2319 et
982 2263 1305 2338 Phylncum
1350 2262 1600 2329 Histiaei,
1627 2260 1892 2321 Samium
1933 2270 2268 2334 utrumque.
2351 2262 2594 2319 Horum
2637 2278 2745 2317 au-

531 2350 654 2399 tem
680 2343 939 2399 solorum
968 2360 1040 2399 ea
1066 2360 1272 2398 caussa
1298 2342 1452 2399 facio
1483 2334 1862 2409 mentionem,
1893 2340 2049 2414 quod
2077 2340 2467 2403 Theomestor
2491 2340 2576 2397 ob
2597 2340 2748 2399 hane

533 2438 658 2478 rem
686 2430 914 2495 gestam
944 2420 1102 2476 Sami
1142 2429 1423 2491 tyrannus
1452 2440 1488 2475 a
1515 2420 1704 2477 Persis
1739 2430 1828 2476 est
1855 2418 2586 2495 constitutu331'hylacus
2611 2436 2748 2475 vero

448 2564 451 2567 ⁴
532 2516 738 2557 eorum
768 2517 1016 2555 numero
1040 2500 1143 2573 qui
1181 2500 1325 2555 bene
1351 2499 1421 2557 dc
1450 2499 1617 2574 Rege
1661 2506 2004 2555 meruerunt
2041 2498 2368 2571 adscriptus
2391 2506 2504 2565 oet,
2533 2506 2598 2555 et
2623 2516 2748 2556 am·-

530 2579 667 2653 plus
696 2586 863 2633 terrae
891 2588 1111 2635 tractus
1137 2578 1327 2634 eidem
1366 2578 1635 2635 donatus.
1721 2580 2048 2651 Orosangae
2077 2578 2306 2639 Persico
2345 2594 2622 2645 sermone
2647 2595 2750 2633 vo-

534 2664 743 2715 cantur
771 2658 899 2711 bene
925 2658 992 2711 de
1018 2675 1140 2729 rege
1168 2657 1368 2713 meriti.
1448 2658 1534 2713 Ac
1559 2657 1633 2713 de
1661 2652 1746 2711 his
1774 2654 2010 2747 quidem
2039 2656 2122 2712 ita
2148 2674 2238 2713 tes
2267 2657 2463 2720 habet.

616 2738 711 2791 86.
751 2730 949 2811 Major
978 2754 1113 2801 vero
1146 2753 1423 2791 numerus
1466 2736 1764 2793 hostilium
1799 2734 2041 2791 navium
2069 2735 2128 2791 in
2155 2736 2264 2791 hac
2303 2736 2378 2791 ad
2407 2736 2750 2795 Salaminem

528 2831 720 2887 pugna
764 2814 967 2885 periit3
1014 2814 1143 2869 aliae
1182 2812 1257 2869 ab
1298 2813 1758 2871 Atheniensibus
1799 2820 2113 2887 corruptae,
2149 2814 2281 2871 aliae
2323 2815 2398 2871 nb
2427 2814 2754 2890 AEginetiS.

534 2890 694 2949 Nam
722 2910 906 2966 quum
935 2892 1125 2965 Graeci
1151 2892 1357 2967 ordine
1384 2889 1625 2969 etjnsta
1649 2894 1772 2965 acie
1801 2901 2158 2967 pugnarent,
2188 2891 2434 2950 Barbari
2460 2912 2607 2952 vero
2649 2912 2754 2953 nec

533 2970 673 3028 dum
700 2972 839 3027 satis
866 2970 1115 3027 ordinati
1141 2971 1421 3039 fuissent,
1446 2990 1634 3046 neque
1661 2980 1818 3027 recto
1844 2970 2084 3027 consilio
2107 2972 2430 3045 quidquam
2453 2983 2750 3047 gererent,

533 3048 741 3109 debuit
764 3051 819 3106 id
848 3050 967 3105 fere
1000 3051 1191 3126 ipsum
1217 3051 1455 3109 evenire
1481 3050 1639 3125 quod
1669 3050 1912 3109 accidit.
1957 3066 2314 3123 quamquam
2341 3067 2415 3107 eo
2442 3051 2541 3108 die
2565 3053 2752 3127 longe

535 3129 805 3187 fortiores
853 3128 1096 3205 fuerunt
1143 3146 1383 3203 seseque
1427 3129 1820 3203 praestiterunt
1865 3146 2044 3201 quam
2089 3128 2162 3185 ad
2206 3128 2526 3197 Euboeam,
2565 3148 2754 3205 ‚quum

535 3209 941 3300 unusquisque
982 3207 1299 3275 formidine
1334 3206 1546 3269 Xerxis
1585 3208 1850 3282 studium
1890 3224 2071 3278 omne
2115 3206 2458 3280 adhiberet3
2504 3211 2758 3285 quisque

537 3287 695 3345 enim
726 3286 970 3359 spectari
1002 3303 1064 3342 se
1092 3304 1127 3340 a
1154 3303 1293 3364 rege
1319 3286 1724 3349 existimabat.

617 3368 714 3427 87.
756 3362 914 3430 Jam,
944 3363 1099 3438 quod
1129 3365 1199 3419 ad
1239 3364 1382 3421 aiios
1408 3366 1648 3431 adtinet,
1678 3384 1796 3440 quo
1837 3375 2008 3440 pacto
2037 3365 2262 3440 singuli
2299 3367 2576 3431 nonnulli
2604 3367 2756 3425 Bar-

536 3444 817 3501 barorum
866 3451 966 3504 aut
1007 3442 1349 3505 Graecorum
1393 3448 1812 3518 pugnaverint,
1848 3463 1972 3502 non
2015 3461 2256 3518 possum
2301 3462 2408 3517 pro
2449 3454 2756 3521 comperto

538 3522 787 3579 referre:
833 3520 932 3577 sed
962 3520 1033 3581 ad
1064 3521 1430 3579 Artemisiam
1460 3522 1618 3597 quod
1647 3531 1892 3598 spectat,
1919 3526 2046 3582 haec
2082 3532 2254 3598 gesta
2279 3532 2440 3591 sunt,
2465 3526 2632 3583 unde
2659 3524 2760 3582 illa

538 3602 729 3693 magis
775 3600 955 3683 etiam
997 3600 1125 3676 regi
1162 3600 1489 3675 adprobata
1533 3609 1639 3670 est.
1719 3602 2039 3676 Postquam
2082 3620 2305 3677 magno
2353 3604 2622 3661 tumultu
2669 3620 2756 3661 res

538 3682 695 3756 regis
723 3676 954 3735 misceri
980 3687 1296 3752 coeperant,
1328 3699 1429 3753 per
1464 3681 1522 3739 id
1564 3689 1798 3757 tempus
1832 3700 2043 3753 navem
2069 3681 2398 3739 Artemisiae
2441 3700 2754 3757 perseque-

538 3760 737 3818 batur
756 3757 921 3817 navis
962 3758 1172 3820 Attica.
1254 3759 1335 3815 Et
1376 3760 1496 3827 illa,
1521 3778 1704 3833 quum
1753 3760 2008 3835 effugere
2053 3778 2174 3815 non
2216 3768 2436 3832 posset,
2465 3762 2752 3834 quoniam

444 3878 452 3883 -
539 3846 676 3894 ante
706 3856 834 3902 eam
864 3837 1068 3899 multae
1089 3836 1219 3895 aliae
1242 3838 1418 3899 sociae
1444 3857 1622 3895 naves
1647 3848 1834 3905 erant,
1853 3836 2035 3913 ipsius
2059 3847 2262 3895 autem
2285 3840 2450 3895 navis
2477 3841 2752 3899 hostibus

540 3927 663 3972 erat
692 3916 981 3991 proxima,
1008 3914 1121 3971 hoc
1162 3917 1474 3975 consilium
1515 3918 1688 3991 cepit,
1713 3918 1869 3991 quod
1899 3918 2074 3975 etiam
2117 3927 2338 3974 eventu
2364 3918 2756 3977 utilissimum

542 3996 593 4049 ei
624 3994 753 4051 fuit.
834 3994 1038 4055 Quum
1061 3994 1223 4051 enim
1255 3994 1499 4052 instaret
1539 3996 1624 4051 illi
1651 3996 1842 4053 Attica
1868 3997 2054 4065 navis,
2081 3996 2206 4069 ipsa
2229 4004 2402 4069 capto
2431 3997 2663 4071 impetu
2691 3998 2752 4054 in

539 4074 761 4129 sociam
803 4091 1015 4129 navem
1057 4073 1327 4149 impegit,
1357 4090 1476 4151 qua
1502 4073 1894 4147 Calyndenses
1919 4074 2030 4131 viri
2053 4074 2422 4131 vehebantur
2445 4092 2586 4133 cum
2617 4092 2754 4150 rege

542 4150 1006 4243 Calyndensium
1046 4144 1516 4241 Damasitbymo.
1599 4154 1750 4239 Cum
1779 4172 1899 4231 quo
1926 4172 2002 4231 an
2027 4154 2078 4213 ei
2107 4161 2304 4232 antea,
2333 4172 2522 4231 quum
2563 4153 2754 4229 adhuc
