2925 4992
487 330 606 384 362
1028 319 1531 382 HERODOTI
1592 316 1959 380 HISTOR.
2009 314 2147 379 vn.

495 492 540 521 ‘⁶'
567 485 826 561 quidem,
855 483 978 541 sole
1003 481 1134 538 telis
1159 482 1475 539 Medorum
1516 480 1850 544 obscurato,
1878 477 1941 533 in
1964 476 2175 533 umbra
2199 478 2319 535 sint
2354 480 2697 553 pugnaturi,

493 574 538 599 ‘⁴'
565 582 685 621 non
709 566 770 621 in
802 564 982 620 sole.”
1023 560 1174 617 Haec
1197 570 1256 617 et
1282 557 1543 632 ejusdem
1570 557 1803 633 generis
1824 556 1939 613 alia
1960 556 2138 623 dicta,
2158 557 2349 624 aiunt,
2381 555 2701 613 Dieneeem

493 642 1013 703 Lacedaemonium
1061 640 1231 697 fortis
1284 636 1466 696 animi
1511 644 1901 693 monumenta
1944 635 2261 707 reliquisse.

533 728 544 735 '
571 726 708 779 927.
749 720 890 778 Post
910 721 1068 777 hunc
1087 720 1440 775 fortissimos
1463 732 1526 771 se
1548 714 1881 789 praestitisse
1906 723 2241 771 memorant
2265 712 2711 771 Lacedaemonii

495 805 645 863 d'uos
695 800 924 866 fratres,
967 799 1255 873 Alpheum
1297 804 1358 852 et
1397 796 1731 858 Maronem,
1774 792 2113 865 Orsiphanti
2159 793 2329 849 filios.
2374 792 2509 848 ·Ex
2556 793 2715 850 The-

495 880 826 959 spiensibus
865 894 1006 935 vero
1041 876 1388 951 praeeipuam
1433 872 1669 930 laudem
1710 870 1953 927 abstulit
1996 870 2106 936 vir,
2136 872 2231 927 eui
2274 870 2714 945 Dithyrambus

496 978 711 1019 nomen
739 958 876 1023 fuit,
909 954 1270 1012 Harmatidae
1297 952 1471 1009 filius.

577 1043 714 1097 2⁴28.
755 1034 982 1110 Sepulti
1009 1042 1146 1090 sunt
1187 1046 1390 1089 omues
1432 1030 1640 1086 eodem
1678 1029 1810 1085 loeo
1854 1044 1977 1101 quo
2017 1026 2376 1095 ceciderunt,
2406 1036 2470 1085 et
2502 1038 2626 1085 tam
2654 1030 2715 1085 in

499 1121 713 1175 horum
749 1117 1067 1178 honorem,
1094 1128 1275 1186 quam
1325 1110 1388 1165 in
1435 1108 1672 1165 illorum
1716 1109 1817 1181 qui
1860 1114 1997 1163 ante
2030 1106 2357 1163 ceciderant
2410 1124 2599 1181 quam
2628 1107 2715 1163 di-

501 1198 665 1276 missi
693 1214 730 1253 a
754 1192 1016 1251 Leonida
1043 1186 1186 1247 socii
1211 1189 1508 1255 abierunt,
1536 1188 1631 1243 hae
1656 1186 2063 1260 inscriptiones
2092 1186 2302 1259 positae
2324 1195 2509 1242 sunt:

763 1341 886 1387 Cum
905 1336 1132 1383 trecentis
1153 1335 1268 1381 olim
1289 1332 1577 1392 myriadibus
1602 1331 1683 1377 bie
1700 1333 1979 1391 pugnarunt

823 1405 899 1453 Ex
921 1403 1245 1463 Peloponneso
1269 1404 1473 1459 quatuor
1494 1396 1645 1443 millia
1667 1397 1889 1443 virorum.

499 1536 644 1595 Haec
689 1537 746 1591 in
795 1534 1079 1589 honorem
1117 1529 1384 1585 omnium
1425 1526 1617 1600 posita
1654 1522 1961 1596 inscriptio
1998 1529 2088 1578 est
2111 1546 2130 1593 3
2176 1518 2237 1577 iu
2284 1522 2715 1597 Spartanorum

499 1633 638 1672 vero
667 1612 1012 1670 memoriam
1039 1608 1314 1683 privatim
1344 1607 1452 1662 ista
1477 1628 1490 1661 ε
1958 1616 1975 1630 “

763 1752 970 1813 Hospes,
993 1750 1170 1797 nuncia
1191 1746 1578 1803 Lacedaemoniis,
1598 1748 1689 1792 hoe
1710 1746 1816 1791 loco
1838 1759 1927 1792 nos

825 1820 1009 1874 «heere,
1033 1816 1172 1863 dietis
1193 1814 1384 1861 illorum
1405 1813 1743 1873 obsequentes«

500 1949 570 2006 In
599 1946 1072 2005 Lacedaemonios
1101 1946 1282 2020 igitur
1310 1944 1420 1999 hoe
1443 1968 1462 2013 3
1511 1942 1573 1997 in
1606 1949 1799 1997 vatem
1812 1957 1963 1995 -vero
1990 1940 2180 1996 istud:

761 2092 1128 2137 Monumentum
1152 2088 1242 2133 hoc
1265 2086 1461 2131 illustris
1486 2084 1739 2143 Megistiae,
1763 2098 1908 2145 quem-
1927 2084 2041 2130 olim
2066 2084 2203 2134 Medi

828 2155 1061 2215 Spercheo
1082 2153 1228 2198 fluvio
1250 2152 1523 2197 occiderunt
1542 2150 1761 2207 trajecto,

761 2220 916 2276 Vatis,
941 2219 1020 2278 qui
1043 2218 1229 2263 instans
1251 2221 1370 2262 tunc
1391 2217 1543 2261 satum
1565 2213 1710 2275 probe
1733 2214 1976 2274 cognitum
1994 2214 2192 2271 babens,

825 2286 1051 2331 Deserere
1069 2288 1232 2329 tamen
1251 2282 1429 2343 Spartae
1452 2282 1595 2328 duces
1618 2293 1718 2327 non
1741 2278 1985 2326 sustinuit.

493 2440 988 2515 ,Inscriptionibus
1019 2439 1141 2496 istis
1181 2446 1242 2495 et
1279 2438 1593 2501 columnis,
1620 2443 1864 2511 excepto
1894 2435 2048 2493 vatis
2087 2436 2547 2513 epigrammate,
2574 2438 2721 2493 Am·-

503 2523 848 2595 phictyones
875 2519 1006 2575 illos
1052 2520 1455 2574 honorarunt:
1502 2516 1651 2573 vatis
1700 2532 1839 2571 vero
1882 2514 2179 2591 Megistiae
2224 2516 2601 2590 epigramma
2627 2516 2723 2571 si-

507 2599 770 2657 monides
799 2600 1018 2670 posuit,
1047 2596 1364 2669 Leoprepis
1391 2596 1569 2660 filius,
1599 2612 1705 2669 pro
1733 2592 1971 2666 hospitii
1993 2592 2415 2651 familiaritate.

585 2680 721 2733 229.
759 2676 1041 2739 Narrant,
1083 2690 1157 2729 ex
1195 2675 1473 2730 trecentis
1515 2675 1628 2729 illis
1670 2672 1971 2744 Spartanis
2012 2670 2160 2728 duos
2201 2673 2382 2739 vitoe,
2423 2672 2725 2749 Eurytum

505 2764 567 2813 et
609 2753 1064 2819 Aristodemum,
1090 2768 1292 2825 quum,
1337 2755 1388 2808 si
1430 2768 1755 2807 commune
1798 2750 2121 2807 voluissent
2162 2752 2479 2807 consilium
2526 2752 2725 2826 sequi,

508 2835 838 2909 potuissent
865 2832 1042 2887 ambo
1067 2838 1171 2887 aut
1197 2832 1377 2887 simul
1401 2831 1551 2886 salvi
1579 2830 1851 2902 Spartam
1891 2828 2100 2894 redire,
2128 2836 2198 2893 ut
2234 2830 2335 2904 qui
2380 2848 2415 2885 a
2454 2830 2731 2889 Leonida

510 2932 544 2969 e
571 2912 774 2967 castris
799 2908 1024 2967 dimissi
1062 2909 1464 2966 decubuerunt
1504 2910 1567 2964 in
1606 2908 1875 2981 AlpeniS,
1903 2908 2241 2963 vehementi
2268 2908 2585 2967 oculorum
2612 2912 2727 2967 do-

506 2989 632 3048 lore
659 2990 1025 3060 laborantes3
1071 2996 1195 3054 aut,
1223 2989 1273 3043 si
1299 2989 1485 3043 redire
1513 2986 1585 3044 ad
1616 2986 2053 3043 commilitones
2092 2987 2437 3053 voluissent,
2464 2999 2729 3045 mortem

507 3070 840 3144 potuissent
881 3068 1043 3123 obire
1089 3084 1224 3122 cum
1276 3066 1553 3141 reliquisz
1597 3064 1722 3136 hos,
1744 3064 1946 3139 igitur,
1991 3072 2252 3131 narrant,
2303 3082 2493 3139 quum
2540 3068 2727 3125 alter-

506 3157 712 3205 utrum
749 3149 962 3203 horum
1000 3146 1262 3203 licuisset
1283 3145 1522 3220 eligere,
1548 3144 1811 3201 noluisse
1826 3158 2145 3199 commune
2168 3146 2333 3218 sequi
2353 3146 2678 3203 consilium
2700 3171 2717 3214 3

509 3228 636 3293 sed,
667 3229 822 3281 inter
867 3242 928 3280 se
976 3220 1401 3290 dissentientes,
1434 3225 1751 3296 Eurytum,
1779 3222 2022 3297 cognito
2052 3219 2355 3279 Persarum
2399 3240 2505 3297 per
2546 3242 2729 3281 mon-

497 3316 634 3362 ·tem
677 3304 944 3368 circuitu,
991 3320 1156 3358 arma
1197 3302 1545 3376 postulasse,
1578 3302 1880 3375 captisque
1921 3300 2099 3357 armis
2132 3296 2377 3371 jussisse
2415 3302 2627 3359 ilotam
2660 3312 2733 3359 ut

511 3402 576 3441 se
621 3382 693 3437 ad
746 3390 1082 3457 pugnantes
1133 3381 1390 3446 duceret,
1418 3389 1500 3447 et,
1528 3388 1839 3454 postquam
1880 3378 1955 3434 ad
2007 3378 2141 3437 illos
2168 3379 2470 3453 ‘pen-venit,
2512 3382 2731 3439 ilotam

512 3460 752 3537 quidem
794 3460 943 3535 fuga
983 3461 1232 3516 salutem
1275 3456 1527 3533 petiisse,
1558 3460 1755 3531 ipsum
1791 3472 1933 3513 vero
1978 3457 2041 3513 in
2095 3459 2351 3517 hostium
2397 3476 2621 3535 agmen
2646 3462 2731 3518 ir-

511 3547 782 3598 ruentem
837 3539 1214 3595 occubuisse:
1286 3538 1723 3595 Aristodemum
1783 3542 2008 3603 autem,
2063 3537 2437 3595 deficientem
2490 3542 2727 3610 animo,

517 3618 884 3677 remansisse.
987 3618 1162 3678 Quod
1211 3619 1260 3673 si
1303 3618 1487 3692 igitur
1522 3615 1675 3672 u'nus
1716 3613 2117 3674 Aristodemus
2162 3617 2469 3674 oculorum
2512 3620 2731 3683 morbo

513 3700 858 3761 laborasset,
887 3714 1072 3769 eaque
1097 3714 1306 3752 caussa
1351 3698 1617 3769 Spartam
1664 3694 1945 3760 rediisset,
1976 3701 2079 3751 aut
2120 3696 2170 3751 si
2216 3696 2393 3752 ambo
2421 3698 2605 3754 simul
2629 3716 2727 3753 re-

515 3778 670 3833 versi
694 3781 910 3841 essent,
943 3774 1212 3849 Spartani
1247 3776 1342 3847 (ut
1367 3774 1513 3831 mihi
1539 3770 1795 3841 videtur)
1822 3769 2049 3829 nullam
2089 3773 2149 3829 in
2182 3791 2322 3834 eum
2365 3777 2515 3832 iram
2560 3784 2735 3833 erant

515 3849 854 3913 exercitari:
894 3870 1054 3909 nunc
1084 3870 1239 3919 vei-0,
1261 3870 1444 3926 quum
1476 3854 1621 3908 alter
1647 3852 1837 3926 periit,
1864 3850 2030 3917 alter,
2060 3854 2163 3925 qui
2189 3852 2253 3909 in
2281 3854 2487 3917 eadem
2518 3872 2735 3911 caussa

513 3936 732 4070 ¹liugn-at,
781 3930 933 3989 mori
986 3928 1314 3999 recusavit,‘
1343 3926 1665 3989 necessario
1711 3930 2088 3988 vehementer
2134 3932 2303 4035 ‘prasci
2350 3934 2739 3991 Aristodemo⁴

553 4029 584 4067 e
631 4018 856 4067 uerunt.
1850 4030 1859 4039 ·

593 4092 731 4146 230.
771 4089 883 4145 Alii
913 4088 1114 4165 igitur,
1143 4088 1256 4145 hoc
1299 4088 1483 4145 modo.
1506 4088 1733 4163 hacque
1776 4091 2082 4149 occasione
2108 4090 2570 4159 Aristodemum,
2596 4109 2731 4147 me-

516 4176 772 4237 morant,
800 4168 1030 4225 salvum
1061 4168 1328 4243 Spartam
1367 4169 1656 4223 evasisse:
1699 4166 1798 4240 alii
1826 4188 1967 4229 vero
2008 4168 2193 4236 aiunt,
2221 4168 2295 4225 ad
2334 4169 2729 4227 deferendum
