2925 4992
572 316 695 373 sse
1128 305 1632 389 HnRono'rl
1685 306 2054 372 ms‘ron.
2103 306 2208 368 ιν.

574 486 831 531 munere
866 469 1147 533 sinentes,
1170 466 1315 523 hinc
1350 484 1492 523 vero
1531 474 1710 543 atque
1747 467 1910 525 illinc
1940 470 2010 527 >in
2049 474 2188 529 cute
2217 468 2544 537 tondentes,
2569 471 2752 532 mistas

576 556 815 627 gerunt.
894 548 966 607 ln
1006 546 1227 605 bellum
1274 546 1732 621 proficiscentes,
1773 548 2174 606 struthionum
2219 549 2404 624 pelles
2445 567 2555 624 pro
2595 550 2754 609 scutis

576 635 833 705 gestant.
890 626 1003 685 Per
1029 624 1370 683 eorumdem
1396 624 1680 683 ditionem
1710 626 1934 701 Cinyps
1957 624 2192 697 fluvius,
2211 646 2286 685 ex
2307 628 2460 685 colle
2485 630 2756 703 profluens

578 708 677 765 cui
706 724 923 763 nomen
954 705 1257 770 Chariton,
1288 703 1371 775 (id
1402 710 1511 770 est,
1550 704 1874 761 Gratiarum
1895 704 2075 775 collis)
2109 707 2172 763 in
2201 724 2363 763 mare
2389 709 2754 781 provolvitur.

578 785 703 845 Hic
736 785 905 845 collis
932 783 1215 841 Chariton
1257 782 1596 841 nemoribus
1635 782 1914 857 frequens
1947 793 2060 851 est,
2090 802 2276 859 quum
2315 786 2540 859 reliqua
2563 786 2756 861 Libya,

580 882 763 940 quam
802 864 993 919 adhuc
1022 860 1506 929 commemoravi,
1532 861 1838 920 arboribus
1865 864 2030 921 nuda
2055 866 2150 921 sit.
2227 867 2282 921 A
2303 866 2454 921 mari
2490 865 2568 921 ad
2604 865 2756 923 illum
2867 832 2869 899 ἓ

580 944 773 1003 stadia
794 949 939 1001 sunt
964 941 1235 999 ducenta.
2867 974 2869 1009 3

534 1037 551 1053 “
664 1026 798 1079 176.
836 1020 1027 1079 Macis
1053 1020 1143 1079 his
1174 1018 1421 1093 proximi
1452 1025 1594 1076 sunt
1627 1019 1936 1075 Gindanes.-
1975 1037 2230 1095 quorum
2267 1022 2548 1079 mulicnss
2575 1022 2757 1079 fascias

580 1120 656 1159 ex
684 1099 939 1177 pellibus
966 1096 1041 1156 ad
1068 1097 1285 1171 pedum
1312 1098 1620 1165 malleolos
1655 1105 1887 1174 gestant
1915 1117 2280 1175 unaquaeque
2307 1102 2561 1171 multas,
2605 1100 2758 1172 idque

558 1180 695 1263 ,hac
722 1181 795 1237 de
821 1196 1047 1235 caussa.
1066 1177 1195 1233 fieri
1225 1178 1435 1233 aiunt:
1481 1185 1548 1233 ut
1575 1195 1714 1234 cum
1741 1195 1976 1252 quoque
2016 1180 2144 1237 viro
2187 1180 2514 1237 concubuit
2552 1178 2758 1245 mulier,

584 1260 670 1317 ita
695 1259 937 1315 fasciam
964 1255 1339 1330 circumligat
1363 1281 1380 1325 3
1426 1264 1510 1322 et,
1539 1274 1674 1329 quae
1699 1257 1980 1329 plurimas
2016 1267 2232 1334 gestat,
2258 1278 2332 1315 ea
2372 1258 2758 1334 praestantissi-
2869 1308 2871 1333 ξ

584 1356 687 1399 ma
706 1356 832 1396 esse
848 1335 1167 1409 judicatur,
1196 1335 1414 1409 quippe
1440 1353 1478 1389 a
1501 1334 1769 1408 plurimis
1798 1336 1939 1391 viris
1965 1345 2179 1393 amata.
2277 1390 2284 1393 .

670 1422 807 1475 1¹77.
848 1416 1033 1471 Oram
1058 1414 1273 1471 horum
1300 1413 1664 1479 Gindanum,
1693 1430 1828 1487 quae
1852 1414 1914 1470 in
1941 1433 2104 1473 mare
2131 1417 2448 1489 prominet,
2475 1416 2760 1491 Lotophagi
2869 1410 2871 1413 ⁴

584 1497 891 1567 habitant,
936 1494 1039 1569 qui
1082 1492 1251 1549 nullo
1294 1492 1409 1549 alio
1450 1492 1605 1558 cibo,
1641 1492 1756 1549 nisi
1798 1490 1906 1549 loti
1955 1492 2174 1563 fructu,
2205 1497 2389 1553 vitam
2431 1503 2758 1555 sustentant.

579 1574 697 1639 Est
724 1583 927 1633 autem
952 1574 1052 1629 loti
1072 1569 1301 1646 fructus
1340 1568 1754 1646 magnitudine
1781 1570 1976 1629 baccae
2015 1574 2270 1641 lentisci,
2301 1574 2608 1631 dulcedine
2642 1590 2758 1631 vero

586 1656 798 1713 similis
824 1652 1041 1709 fructui
1068 1651 1281 1725 palmae
1306 1650 1548 1707 arboris.
1595 1648 1817 1707 Parant
1838 1668 1978 1707 vero
2003 1650 2350 1729 Lotophagi
2367 1654 2550 1714 etism
2577 1653 2759 1711 vinum

583 1754 665 1797 ‚ex
690 1734 899 1793 eodem
926 1732 1141 1787 fructu.

672 1817 807 1877 178.
846 1810 1257 1883 Lotophagos,
1284 1806 1614 1865 secundum
1653 1825 1836 1875 mare,
1862 1810 2162 1883 excipiunt
2199 1810 2512 1888 Machlyes
2531 1837 2550 1883 3
2591 1808 2684 1884 qui
2711 1813 2760 1863 et

582 1891 701 1967 ipsi
726 1888 965 1965 quidem
989 1888 1112 1945 loto
1139 1895 1406 1951 utuntur,
1432 1894 1840 1945 verumtamen
1869 1888 2066 1945 minus
2091 1906 2270 1963 quam
2299 1892 2582 1965 praedicti.
2640 1888 2759 1945 Per-

590 1973 785 2027 tinent
814 1968 876 2025 bi
898 1964 972 2025 ad
1001 1966 1221 2023 flumen
1258 1982 1564 2039 magnum,
1591 1966 1682 2023 cui
1725 1984 1945 2023 nomen
1970 1966 2180 2025 Triton
2205 1991 2219 2024 ε
2265 1968 2700 2041 infunditurque
2719 1966 2760 2021 is

584 2049 809 2113 fluvius
838 2047 897 2103 in
940 2062 1225 2118 magnum
1256 2044 1431 2099 lacu-m
1468 2044 1820 2113 Tritonidem,
1851 2046 1910 2101 in
1941 2062 2056 2119 quo.
2081 2054 2172 2104 est
2209 2047 2406 2107 insula
2445 2050 2544 2108 cui
2573 2060 2760 2105 nomen

584 2126 758 2191 Phla.
838 2124 1015 2181 Hanc
1044 2122 1327 2188 insulam,
1356 2122 1548 2189 aiunt,
1571 2120 2056 2181 Lacedaemonios
2079 2143 2154 2183 ex
2177 2128 2404 2185 oraculi
2431 2126 2604 2187 effato
2625 2123 2762 2181 colo·

586 2207 687 2267 nis
714 2204 985 2263 debuisse
1010 2202 1397 2275 frequentare.
1805 2234 1832 2251 ⁴

678 2289 809 2343 179.
854 2283 1144 2341 Narratur
1166 2298 1304 2337 vero
1328 2281 1507 2337 etiam
1535 2280 1660 2337 haec
1683 2280 1942 2338 historia.
2007 2281 2048 2337 J
2049 2278 2648 2361 asonem,'postquam
2671 2281 2762 2339 sub

590 2364 767 2425 Pelio
784 2380 1012 2425 navem,
1027 2360 1187 2437 Argo
1215 2360 1654 2425 construxisset,
1679 2377 1868 2433 quum
1893 2361 2010 2417 alia
2033 2361 2406 2431 hecatombe,
2435 2375 2579 2423 tunc
2601 2370 2656 2421 et
2678 2360 2764 2419 tri·

592 2445 744 2517 pode
772 2446 933 2499 meo
962 2442 1023 2497 in
1052 2456 1259 2495 navem
1296 2437 1594 2513 imposito,
1623 2438 2096 2515 l’eloponnesum
2139 2459 2264 2499 esse
2301 2444 2759 2507 circumvectum‚

588 2522 859 2597 Delphos
904 2519 1301 2594 profecturum
1318 2542 1343 2587 .;
1388 2516 1488 2573 sed
1543 2535 1726 2592 quum
1771 2518 1924 2573 circa
1961 2518 2222 2585 Maleam
2261 2523 2588 2598 navigaret,
2610 2526 2764 2577 vento

590 2600 775 2659 borea
796 2598 1103 2671 abreptum
1134 2604 1194 2651 et
1220 2594 1293 2652 ad
1322 2594 1574 2670 Libyam
1615 2596 1800 2677 fuisse
1831 2597 2183 2670 adpulsum3
2227 2602 2568 2675 priusquam
2591 2607 2762 2657 autem

588 2688 809 2747 terram
838 2675 1257 2750 conspexisset,
1288 2671 1524 2731 haesisse
1550 2676 1614 2731 in
1642 2674 1918 2733 brevibus
1943 2676 2264 2735 Tritonidis
2285 2679 2468 2747 lacus,
2536 2680 2624 2739 Ibi
2647 2686 2765 2735 tunc

590 2759 753 2834 inopi
796 2755 1045 2821 consilii,
1074 2753 1473 2825 nescientique
1505 2771 1626 2827 quo
1670 2762 1842 2829 pacto
1881 2752 2155 2813 educeret
2194 2776 2432 2827 navem,
2461 2757 2766 2833 adparuisse

536 2888 549 2893 -
590 2828 762 2914 aiunt
787 2836 1115 2901 Tritonem,
1132 2827 1493 2905 jussisseque
1515 2830 1556 2891 J
1559 2850 1818 2899 asonem,
1838 2841 1906 2891 ut
1933 2833 2045 2891 sibi
2071 2834 2234 2893 daret
2256 2838 2552 2911 tripodem
2579 2836 2758 2902 illum3

592 2917 913 2981 dicentem,
938 2932 994 2969 se
1020 2912 1133 2969 illis
1158 2918 1584 2969 monstraturum
1611 2916 1840 2979 exitum,
1869 2920 1922 2970 et
1949 2914 2236 2971 incolumes
2260 2919 2596 2975 emissurum.
2669 2912 2762 2971 Cui

591 3003 909 3073 postquam
946 3009 1173 3049 morem
1212 2990 1491 3064 gessisset
1529 2990 1734 3057 Jason,
1764 2997 1896 3049 tum
1934 2992 2248 3054 Tritonem
2287 2996 2402 3051 illis
2447 3005 2636 3055 tutum
2679 3007 2764 3067 per

590 3074 797 3139 brevia
835 3072 1064 3133 exitum
1099 3077 1478 3136 monstrasse,
1505 3078 1564 3125 et
1601 3068 1892 3145 tripodem
1931 3071 1993 3127 in
2023 3088 2132 3129 suo
2175 3074 2400 3147 templo
2425 3072 2760 3149 deposuisse3

548 3198 553 3205 .
592 3174 669 3213 ex
692 3154 900 3211 eodem
930 3167 1069 3207 vero
1113 3147 1343 3221 tripode
1376 3150 1616 3205 oraculo
1661 3149 1820 3205 edito
1860 3166 1984 3207 rem
2023 3168 2262 3209 omnem
2303 3151 2514 3212 Jasoni
2549 3149 2763 3225 ejusque

592 3233 769 3297 sociis
792 3229 1163 3305 praedixisse3
1198 3243 1433 3299 nempe,
1466 3234 1510 3261 “
1531 3228 1582 3283 si
1601 3228 1734 3301 quis
1757 3245 1832 3283 ex
1847 3228 2328 3305 Argonautarum
2348 3234 2594 3306 posteris
2607 3231 2762 3303 tripo-

596 3318 641 3344 “
668 3310 805 3367 dem
846 3308 1015 3369 illum
1042 3304 1393 3370 abstulisset,
1423 3313 1565 3363 tunc
1600 3306 1928 3365 inevitabili
1967 3310 2310 3368 necessitate
2349 3320 2583 3369 centum
2617 3308 2760 3367 urbes
2875 3364 2877 3367 Α

596 3382 643 3425 ’“
672 3390 905 3447 Graecas
932 3388 1087 3443 circa
1110 3382 1484 3443 Tritonidem
1521 3386 1716 3445 lacum
1743 3403 1872 3443 esse
1911 3386 2301 3447 condendas.”
2383 3392 2536 3453 Quae
2560 3388 2654 3447 ubi
2675 3402 2760 3443 co-

594 3468 937 3548 gnovissent
959 3464 1177 3541 Libyes
1205 3462 1360 3523 hanc
1388 3464 1690 3541 regionem
1732 3464 2076 3534 incolentes,
2105 3467 2394 3542 tripodem
2433 3470 2568 3527 illos
2589 3462 2762 3525 oecul-

596 3557 771 3613 tasse.

670 3629 811 3701 ⁸180.
851 3624 1195 3697 Machlyum
1239 3620 1450 3681 horum
1475 3608 1716 3683 finitimi
1739 3631 1878 3681 sunt
1903 3624 2166 3683 Ausenses
2183 3651 2202 3693 ,-
2233 3626 2340 3700 qui
2376 3626 2592 3701 pariter
2615 3628 2760 3695 atque

590 3707 681 3765 illi
705 3701 1076 3765 Tritonidem
1122 3704 1321 3769 lacum
1366 3702 1665 3768 adcolunt,
1711 3702 1815 3763 sed
1863 3702 2236 3763 interfluente
2279 3702 2518 3764 Tritone
2563 3704 2636 3761 ab
2667 3698 2761 3757 iuis

592 3786 971 3855 dirimuntur.
1046 3780 1129 3837 Et
1154 3780 1459 3857 Machlyes
1487 3780 1724 3855 quidem
1767 3782 1826 3841 in
1868 3784 2096 3857 postica
2137 3785 2342 3861 capitis
2369 3794 2534 3859 parte
2557 3794 2758 3841 comam

590 3866 801 3937 alunt,
842 3864 1135 3923 Ausenses
1160 3860 1389 3918 veroin
1416 3860 1722 3919 anteriore.
1801 3860 2018 3919 Annuo
2055 3863 2321 3921 Minerva
2342 3862 2496 3937 festo
2533 3858 2759 3935 viu-gina

589 3947 807 4007 horum
828 3940 1057 4001 duabus
1084 3958 1118 3995 a
1140 3938 1407 4013 partibus
1432 3946 1658 3997 stantes
1689 3948 1966 4017 pugnant
2005 3938 2260 4001 invicem
2299 3943 2592 4017 lapidibus
2613 3944 2761 4009 amne

592 4022 876 4088 histibus,
918 4020 1199 4085 dicentes»,
1240 4018 1504 4090 indigena:
1547 4020 1658 4075 deoe
1703 4020 1906 4093 (quam
1948 4018 2285 4079 Minervam
2333 4038 2448 4082 nos
2483 4009 2758 4079 vocatum)

590 4120 649 4163 se
674 4102 859 4175 patrio
882 4101 997 4157 ritu
1020 4097 1253 4171 officium
1274 4104 1556 4170 praestare.
1599 4128 1606 4135 ·
1637 4096 1700 4153 Si
1739 4116 1872 4175 quae
1913 4098 2174 4177 virgines
2197 4120 2270 4159 ex
2298 4098 2631 4161 vulneribus
2651 4109 2760 4151 mo·

594 4182 847 4251 riuntur,
876 4174 1162 4267 hasossi'also
1190 4175 1522 4239 nominatas
1541 4176 1800 4255 virgines
1823 4178 2050 4239 dicunt.
2125 4176 2478 4255 Priusquam
2500 4192 2634 4238 vero
2655 4170 2760 4231 ill„
