2925 4992
1060 308 2388 379 EUTERPB.105

172 474 379 549 psisset
418 472 591 539 alter,
616 479 681 531 et
704 472 779 531 ad
826 488 931 533 vas
962 477 1317 541 accessisset,
1344 476 1632 533 continuo
1670 474 1836 533 hunc
1875 474 2086 551 laqueo
2129 492 2258 533 esse
2279 492 2380 533 ca·
2487 457 2492 465 ’

170 562 355 626 ptum.
414 552 717 611 Eumdem
744 568 905 618 vero,
934 550 1229 611 videntem
1254 571 1375 640 quo
1402 546 1465 609 in
1489 554 1648 609 malo
1673 561 1844 637 esset,
1871 556 2142 628 protinus
2166 563 2376 611 vocato
2469 609 2474 617 ,

168 631 326 689 fratri
372 632 742 707 significasse
768 632 909 704 quid
946 634 1272 698 accidisset,
1292 626 1654 705 jussisseque
1679 650 1816 689 eum
1842 642 1910 689 ut
1935 634 2224 689 continuo
2251 633 2380 705 ipse

166 706 463 801 irreperet,
490 710 729 782 sibique
752 716 929 783 caput
956 711 1357 775 abscinderet,
1406 728 1504 775 ne,
1531 728 1658 767 sese
1695 720 2030 785 conspecto,
2053 711 2378 797 agnitoque

168 788 291 861 quis
318 796 501 853 esset,
528 788 629 843 ille
652 788 835 845 simul
858 789 1015 845 male
1040 797 1193 847 esset
1220 790 1530 863 periturus.
1595 789 1676 845 Et
1701 789 1895 857 illurn,
1923 790 2170 863 probato
2199 785 2396 858 hujus.

166 866 431 933 oonsilio,
448 867 657 923 fecisse
684 873 754 921 ιιι
768 862 1023 936 jusserat
1040 868 1239 934 frater,
1258 868 1652 943 adaptatoque
1675 868 1890 925 iterum
1916 868 2108 943 lapide
2123 866 2374 928 domum

167 945 397 1011 abiisse,
430 954 614 1017 caput
640 945 837 1001 fratris
860 954 1275 1019 asportantem.

239 1029 377 1090 121,
418 1028 481 1080 3.
526 1022 609 1078 Ut
653 1023 869 1091 illuxit,
909 1024 1244 1099 ingressum
1290 1041 1494 1099 regem
1541 1026 1602 1083 in
1648 1027 1924 1084 conclave
1973 1024 2368 1098 obstupuisse,

162 1110 477 1176 conspecto
502 1118 747 1174 corpore
771 1102 919 1159 furis
950 1103 1165 1176 laqueo
1194 1104 1518 1169 constricti,
1545 1120 1728 1177 quum
1772 1107 2092 1179 prasertim
2115 1105 2396 1165 illaesum.

160 1182 503 1247 edificium,
538 1181 889 1253 nullumque
930 1182 1027 1237 vel
1066 1181 1377 1241 introitum
1418 1184 1514 1239 vel
1553 1183 1800 1249 exitum,
1833 1184 2076 1241 videret.
2158 1184 2372 1255 ltaque

158 1258 487 1317 haerentem
516 1259 743 1325 animo,
764 1260 938 1321 hocce
959 1258 1203 1317 fecisse:
1232 1261 1479 1317 cadaver
1503 1262 1656 1319 furis
1678 1278 1752 1317 ex
1775 1280 1948 1319 muro
1971 1262 2370 1337 suspendisse,

158 1338 563 1411 adpositisque
602 1338 947 1395 custodibus
988 1338 1323 1412 imperasse,
1349 1346 1439 1403 ut,
1468 1340 1520 1399 si
1543 1357 1720 1412 quem
1747 1341 2028 1399 vidissent
2053 1342 2368 1415 deploran-

156 1424 275 1473 tem
304 1424 413 1473 aut
440 1417 893 1484 lamentantem,
921 1418 1081 1475 hunc
1104 1417 1459 1490 prehensum
1483 1418 1558 1474 ad
1585 1436 1648 1475 se
1669 1420 2040 1477 adducerent.
2118 1417 2370 1477 interim

153 1506 443 1570 suspenso
468 1495 621 1551 furis
642 1495 923 1552 cadavere
948 1495 1652 1554 vehementer-dolentem
1675 1506 1946 1565 matrem,
1971 1498 2202 1555 collatis
2227 1513 2370 1555 cum

154 1576 475 1647 superstite
516 1574 643 1629 filio
682 1574 1053 1631 sermonibus
1084 1575 1417 1648 ‘imperasse
1450 1574 1612 1640 huic,
1637 1584 1730 1643 ut,
1753 1592 1994 1649 quoquo
2032 1575 2208 1634 modo
2233 1574 2366 1648 qui-

154 1651 341 1713 busve
364 1653 597 1709 artibus
628 1660 845 1745 posset,
874 1653 1099 1711 solvere
1138 1654 1385 1709 cadaver
1422 1650 1618 1709 fratris
1641 1662 1702 1711 et
1725 1655 1838 1711 sibi
1865 1654 2094 1713 adferre
2119 1670 2366 1710 conare-

154 1735 285 1801 tur3
332 1726 733 1824 adjecisseque
758 1732 966 1797 minus,
992 1748 1123 1787 eam
1152 1748 1277 1787 rem
1300 1731 1349 1787 si
1390 1730 1490 1787 ille
1518 1733 1890 1806 neglexisset,
1919 1748 2122 1819 regem
2143 1750 2208 1791 se
2231 1732 2366 1789 adi·

149 1816 375 1877 turam,
401 1811 739 1883 ipsumque,
770 1818 841 1867 ut
862 1810 967 1884 qui
988 1809 1151 1869 illius
1178 1809 1459 1883 pecunias
1483 1810 1720 1877 habeat,
1747 1807 2122 1871 delaturam.

230 1889 611 1956 121,4.1ta
650 1906 851 1962 aspere
892 1906 929 1945 a
965 1894 1155 1945 matre
1194 1896 1502 1962 acceptum
1541 1890 1728 1951 filium
1769 1892 2163 1964 superstitem,
2195 1896 2364 1965 post-

150 1984 335 2041 quam
374 1968 547 2024 nullo
582 1977 759 2041 pecto
797 1967 963 2025 illam
1002 1967 1287 2059 potuisset
1326 1984 1722 2036 commovere,
1751 1970 1958 2031 dolum
1997 1971 2388 2046 excogitasse:

149 2043 519 2117 hujumodi.
596 2046 913 2103 Instructis
940 2046 1120 2103 asinis
1140 2054 1301 2103 utres
1334 2046 1685 2120 imposuisse
1709 2049 1856 2107 vino
1893 2049 2119 2123 plenos,
2147 2066 2366 2123 eosque

144 2142 253 2200 per
266 2126 433 2181 viam
458 2124 765 2217 publicam
782 2124 1073 2200 agitasse.
1102 2140 1405 2198 quumque
1428 2142 1610 2199 prope
1629 2127 1830 2187 locum
1851 2127 2058 2185 suisset
2073 2128 2176 2185 ubi
2195 2136 2390 2191 erant.

149 2204 457 2261 cadaveris
502 2204 771 2277 suspensi
815 2203 1111 2269 custodes,
1152 2211 1431 2260 attractos
1471 2204 1722 2261 duorum
1745 2215 1872 2269 ιιιιι
1911 2209 2094 2263 ιιίιιιιι
2136 2206 2390 2272 utrium,

146 2282 448 2376 pendulos
475 2282 729 2356 petiolos
752 2281 1037 2350 solvisse3
1084 2289 1237 2349 turn,
1266 2282 1546 2341 effluente
1571 2285 1734 2350 vino,
1755 2294 1932 2358 caput
1959 2285 2068 2343 sibi
2095 2284 2365 2357 pulsasse

147 2358 386 2439 ingenti
428 2361 591 2419 edito
618 2362 896 2427 clamore,
926 2360 1093 2434 quasi
1132 2362 1441 2427 incertum,
1470 2361 1542 2418 ud
1568 2375 1880 2457 quemnam
1909 2380 1980 2419 ex
2021 2364 2198 2419 asinis
2238 2364 2390 2437 pn'-'

143 2458 321 2499 mum
365 2457 431 2497 se
474 2447 854 2501 converteret.
924 2438 1247 2508 ;,Οιιιιοάει
1290 2439 1548 2498 multum
1590 2440 1766 2499 fluere
1805 2441 1927 2499 vini
1965 2442 2256 2507 videntes,
2299 2442 2365 2499 in

143 2521 309 2579 vium
356 2520 745 2587 concurrisse,
788 2538 929 2577 vasa
968 2526 1261 2585 tenentes,
1288 2520 1674 2595 efficiensque
1692 2521 1924 2586 vinum,
1965 2530 2032 2577 ut
2073 2536 2252 2577 suum
2295 2520 2390 2579 in.

143 2599 385 2659 lucrum
426 2599 664 2665 cedens,
704 2600 1089 2674 colligentes,
1074 2622 1087 2635 ·
1141 2598 1311 2655 illum
1360 2607 1584 2667 autem,
1625 2600 2000 2659 vehementer
2041 2616 2104 2657 se
2142 2595 2392 2659 iratum.

146 2678 561 2744 simulantem,
584 2678 911 2735 maledictis
946 2694 1051 2733 eos
1084 2675 1384 2733 lacerasse.
1446 2678 1828 2735 custodibus
1852 2696 1992 2735 vero
2031 2696 2172 2735 eum
2211 2694 2390 2738 con-.

145 2757 507 2824 solantibus,
524 2757 807 2829 paulatim
836 2756 1099 2831 mitigari
1124 2754 1524 2822 simulantem,
1541 2757 1658 2813 ab
1641 2774 1728 2813 ira
1753 2758 2080 2826 remisisse3
2111 2757 2364 2830 denique

144 2855 179 2895 a
201 2834 411 2893 media
434 2835 535 2891 via
554 2836 827 2910 exegisse
852 2836 1071 2900 asinos,
1099 2850 1313 2906 eosque
1354 2852 1552 2891 rursus
1591 2836 1953 2894 instruxisse.
2036 2836 2128 2893 lbi
2155 2837 2390 2896 multis.

140 2914 547 2977 incidentibus
572 2913 967 2979 sermonibus,
994 2928 1181 2985 quum
1205 2930 1363 2969 unus
1388 2930 1461 2967 ex
1485 2914 1830 2971 custodibus
1871 2914 2058 2969 facete
2083 2914 2384 2975 cavillans.

143 2996 327 3051 etiam
375 2992 565 3049 risum
590 2992 647 3049 ei
668 2992 982 3057 elicuisset,
1012 2991 1165 3049 dono
1192 3008 1333 3047 eum
1370 2991 1490 3047 illis
1513 2992 1738 3049 dedisse
1767 3009 1950 3049 unum
1989 3009 2064 3047 ex
2094 2992 2358 3051 utribus:
2382 3038 2390 3045 .

142 3082 199 3129 et
224 3073 371 3130 iuos
396 3088 439 3127 e
460 3072 717 3145 vestigio
754 3070 1191 3129 discumbentes
1232 3070 1656 3144 compotationi
1685 3070 1950 3129 animum
1989 3070 2362 3143 adplicuisse,
2377 3123 2388 3134 ,

142 3152 467 3225 ipsumque
495 3166 679 3207 manu
714 3151 1069 3223 prehensum
1096 3148 1359 3207 hortatos
1396 3164 1542 3214 esse,
1569 3155 1638 3205 ut
1663 3164 1865 3206 secum
1905 3158 2166 3205 maneret
2191 3164 2390 3205 com-.

141 3237 539 3308 putaretque.
574 3236 647 3285 et
674 3228 866 3291 illum,
884 3236 951 3284 ut
978 3234 1103 3291 erat
1122 3234 1616 3293 consentaneum,
1632 3244 1856 3285 morem
1873 3227 2143 3302 gessisse,
2171 3227 2358 3301 apud-
2383 3276 2392 3287 .

141 3326 256 3383 que
286 3308 431 3365 illos
458 3308 759 3365 mansisse.
837 3307 955 3367 Qui
998 3322 1181 3379 quum
1208 3302 1361 3364 inter
1396 3307 1726 3379 potandum
1750 3308 1997 3363 comiter
2035 3306 2388 3369 salutarent,

139 3389 483 3452 hominem,
509 3386 673 3443 hune
696 3386 871 3445 etiam
902 3385 1019 3441 alio
1044 3400 1117 3441 ex
1144 3385 1371 3441 utribus
1396 3385 1530 3441 illos
1553 3384 1837 3441 donasse·⁴
1869 3393 1930 3443 et
1951 3385 2188 3476 copioso
2213 3395 2364 3459 potu

141 3474 387 3531 utentes
430 3465 723 3530 custodes,
751 3466 835 3521 ita
872 3460 1055 3519 fuisse
1098 3462 1437 3529 inebriatos,
1474 3472 1548 3519 ιιι
1587 3480 1798 3519 somno
1837 3463 2118 3537 oppressi,
2151 3464 2360 3521 eodem

139 3546 277 3603 loco
306 3544 419 3601 ubi
461 3550 829 3616 potaverant,
843 3540 1302 3605 obdormierint.
1378 3542 1536 3601 Tum
1567 3538 2074 3613 vero,nocteja1n
2101 3542 2392 3604 multum.

139 3638 485 3713 progressa,
515 3622 675 3677 hunc
714 3622 909 3679 fratris
936 3636 1149 3693 corpus
1181 3620 1447 3685 solvisse,
1475 3628 1538 3675 et
1563 3620 1876 3677 custodum
1911 3620 2146 3677 dextras
2173 3638 2392 3695 genas,

140 3700 533 3763 contumeliae
556 3716 761 3760 caussa
786 3699 1033 3768 rasisse3
1076 3697 1327 3771 denique
1350 3698 1630 3756 cadavere
1655 3699 1832 3755 asinis
1861 3700 2162 3774 imposito,
2189 3716 2362 3755 man-

140 3783 285 3841 data
312 3779 527 3839 matris
550 3788 919 3845 exsecutum,
948 3778 1195 3835 domum
1220 3794 1357 3833 cum
1384 3778 1562 3833 asinis
1589 3778 2390 3835 rediisse..

221 3864 367 3927 121,
412 3864 469 3915 5.
506 3858 767 3933 Regem,
797 3867 1110 3950 postquam
1150 3856 1205 3911 ei
1250 3836 1658 3914 renunciatum
1697 3864 1848 3913 esset
1888 3856 2048 3912 furto
2095 3854 2362 3913 ablatum

141 3958 269 3999 esse
308 3938 587 4003 cadaver,
613 3937 919 4011 aegerrime
955 3935 1194 4004 tulisse3
1239 3934 1694 4008 cupientemque
1731 3933 2148 4009 quoquomodo
2187 3951 2392 4007 repe·-,

144 4021 259 4091 rire
284 4015 423 4093 quis
448 4024 607 4073 esset
632 4016 735 4089 qui
760 4016 875 4071 ista
900 4014 1111 4071 fuisset
1138 4014 1532 4081 machinatus,
1559 4015 1740 4071 hocce
1765 4014 1970 4071 fecisse
1997 4012 2184 4084 aiunt,
2211 4014 2362 4070 mihi

143 4112 273 4155 non
298 4095 607 4155 credibile.
669 4094 887 4154 Filiam
912 4110 1079 4151 suam
1103 4088 1349 4163 jussisse
1366 4093 1429 4149 in
1444 4092 1730 4185 Jupanari
1755 4092 1978 4157 sedere,
2005 4100 2362 4165 cunctosque
2383 4124 2394 4157 ‚-

145 4176 427 4237 homines
454 4175 677 4251 pariter
712 4172 1045 4242 admittere,
1074 4171 1195 4241 sed,
1224 4172 1564 4247 priusquam
1605 4172 1850 4240 coirent,
1875 4186 2086 4247 cogere
2119 4180 2184 4231 ιιι
2207 4172 2386 4235 dicct,

1250 4266 1284 4305 r
