2925 4992
519 328 638 387 4³⁶
1074 316 1568 381 Hanono'n
1625 268 1988 379 maron.
2045 314 2153 376 tx.

519 490 609 541 tes
637 480 864 537 Samios
890 479 1128 541 initium
1157 478 1347 535 facere
1374 476 1740 545 defectionis,
1768 474 1880 551 ipsi
1903 490 2138 550 quoque
2165 490 2202 529 a
2225 472 2418 531 Persis
2441 474 2718 533 deficien-

520 570 629 627 tes,
658 560 847 615 adorti
874 566 1013 615 sunt
1042 556 1346 613 Barbaros.

604 643 733 701 10⁴.
772 637 906 693 Jam
958 634 1207 692 Milesiis
1258 632 1496 707 quidem
1550 632 1894 688 mandatum
1947 639 2092 698 erat,
2137 639 2210 688 ut
2249 630 2484 689 viarum
2529 633 2726 689 exitus

520 716 904 778 custodirent,
932 714 1138 770 salutis
1162 730 1367 767 caussa
1394 710 1702 766 Persarum
1717 735 1734 779 3
1779 727 1917 784 quo,
1947 712 1998 766 si
2025 712 2110 765 eis
2147 707 2454 766 accidisset
2479 709 2540 765 id
2568 711 2729 784 quod

520 812 687 859 nunc
714 794 944 857 accidit,
970 792 1223 847 ducibus
1266 790 1359 845 his
1404 796 1722 854 uterentur,
1750 806 1999 867 quorum
2025 804 2138 861 ope
2163 788 2220 842 in
2249 788 2566 843 cacumina
2589 789 2729 863 My-

519 873 663 929 calae
686 872 833 927 salvi
858 870 1185 926 evaderent.
1266 868 1401 924 Hoc
1434 866 1672 939 quidem
1697 866 1942 923 consilio
1975 867 2104 922 iilos
2146 864 2338 921 Persae
2363 866 2448 921 ibi
2488 867 2727 922 locave-

520 960 674 1017 rant,
702 950 879 1005 simui
904 964 1068 1013 vero,
1098 964 1191 1012 ne,
1220 947 1269 1001 si
1294 946 1570 1001 exercitui
1611 945 1900 1010 adessent,
1931 946 2067 1001 novi
2107 944 2405 1018 quidpiam
2441 945 2729 1002 moliren-

520 1036 636 1085 tur.
717 1030 791 1083 At
822 1026 905 1082 iiii
930 1026 1100 1099 plane
1128 1024 1488 1080 contrarium
1513 1019 1660 1093 ejus,
1689 1022 1848 1097 quod
1875 1022 2219 1078 mandatum
2245 1030 2394 1088 erat,
2415 1021 2689 1079 fecerunt
2709 1045 2734 1091 t⁶

522 1106 816 1180 ‚fugientes
856 1105 1072 1179 quippe
1117 1101 1406 1159 Barbaros
1450 1118 1554 1174 per
1593 1102 1912 1156 contrarias
1959 1101 2256 1156 duxerunt
2293 1100 2444 1165 vias,
2476 1118 2614 1173 quae
2653 1100 2729 1157 ad

520 1184 720 1241 hostes
750 1183 1058 1252 ferebant3
1104 1188 1165 1236 et
1201 1178 1273 1235 ad
1313 1188 1640 1235 extremum
1675 1196 1774 1234 eos
1813 1178 1941 1253 ipsi,
1977 1186 2046 1235 ut
2081 1178 2466 1234 infensissimi
2505 1180 2727 1248 hostes,

522 1262 911 1319 inter-fecerun
922 1270 961 1316 t.
1040 1257 1132 1314 Ita
1159 1257 1398 1331 quidem
1422 1260 1618 1313 iterum
1644 1256 1806 1311 Ionia
1831 1274 1868 1311 a
1895 1256 2080 1312 Persis
2103 1254 2316 1329 defecit.

609 1346 741 1395 105.
787 1340 857 1395 1η
902 1340 1011 1395 hac
1059 1338 1132 1391 ad
1178 1336 1430 1408 Mycalen
1481 1350 1670 1407 pugna
1708 1335 1940 1390 virtutis
1977 1336 2284 1407 praemium
2335 1334 2730 1392 obtinuerunt

520 1418 905 1475 Athenienses
926 1440 941 1485 ;
1008 1422 1067 1471 et
1124 1432 1197 1469 ex
1244 1411 1696 1469 Atheniensibus
1748 1412 2144 1487 Hermoncus
2208 1410 2481 1485 Euthyni
2547 1413 2729 1481 filius,

520 1497 959 1573 pancratiastes.
1040 1492 1203 1548 idem
1258 1508 1399 1547 vero
1445 1491 1837 1565 Hermoiycus
1883 1499 2017 1563 post
2072 1490 2214 1557 haec,
2263 1506 2447 1563 quum
2499 1490 2727 1548 benum

522 1583 795 1649 gererent
826 1571 1201 1629 Athenienses
1228 1586 1363 1624 cum
1392 1568 1696 1643 Carystiis,
1725 1568 1906 1643 Cyrni
1943 1569 2006 1624 in
2047 1584 2192 1643 agro
2219 1568 2492 1641 Carystio
2515 1569 2730 1628 cecidit

518 1650 584 1711 in
616 1650 835 1729 praelio,
862 1658 923 1706 et
953 1666 1133 1723 prope
1174 1648 1503 1702 Geraesturn
1543 1648 1808 1718 sepultus
1847 1654 1954 1703 est.
2035 1643 2173 1703 Post
2197 1646 2593 1703 Athenienses
2617 1664 2726 1704 au-

522 1738 642 1791 tem
689 1727 975 1795 Corinthii
1018 1735 1077 1795 et
1122 1725 1417 1782 Troezenii
1441 1732 1502 1781 et
1527 1721 1780 1798 Sicyonii
1813 1724 2170 1799 praecipuam
2211 1724 2445 1781 virtutis
2487 1725 2728 1783 laudem

528 1814 1018 1873 commeruerunt,-
1625 1802 1628 1807 ’
2377 1820 2388 1837 r
2405 1828 2412 1833 ·
2591 1850 2597 1853 .

609 1891 740 1942 106.
782 1886 994 1952 Graeci,
1024 1884 1315 1959 plerisque
1348 1882 1768 1949 Barbarorum,
1797 1881 2010 1953 partim
2050 1881 2117 1937 in
2156 1883 2379 1955 praeli0,
2405 1884 2625 1959 partim
2665 1883 2730 1939 in

522 1966 671 2041 fuga
709 1965 1046 2028 interfectis,
1088 1980 1265 2019 naves
1306 1968 1640 2017 cremarunt
1679 1966 1740 2015 et
1777 1964 1972 2016 totum
2011 1951 2477 2031 munimentum,
2529 1961 2730 2037 preda

521 2044 685 2115 prins
708 2052 909 2116 egesta
948 2049 1006 2097 et
1046 2043 1105 2095 in
1146 2041 1345 2095 littore
1369 2039 1669 2112 deposita:
1716 2045 2168 2111 repereruntque
2207 2056 2370 2097 arcas
2409 2040 2730 2098 nonnullas

522 2120 698 2175 rebus
724 2120 993 2193 pretiosis
1020 2117 1288 2190 repletas.
1364 2114 1699 2173 Munitione
1723 2123 1782 2171 et
1807 2116 2056 2171 navibus
2081 2117 2348 2184 incensis,
2375 2128 2536 2177 retro
2563 2120 2730 2175 navi-

523 2204 759 2273 garunt.
862 2195 1115 2261 Deinde,
1166 2201 1478 2269 postquam
1531 2190 1769 2263 Samum
1821 2210 2158 2267 pervenere,
2209 2196 2608 2255 deliberarunt
2655 2197 2731 2255 de

522 2274 685 2331 ‘Ionia
738 2278 794 2331 in
837 2277 1005 2331 aliam
1049 2281 1250 2329 terram
1290 2270 1687 2346 transferenda,
1735 2278 1796 2327 et
1841 2289 1956 2345 qua
1995 2280 2160 2345 parte
2205 2274 2471 2341 Graecioe,
2501 2294 2636 2351 quoe
2661 2276 2729 2335 in

522 2362 811 2431 potestate
856 2360 1005 2409 esset
1032 2352 1395 2417 Graecorum,
1424 2349 1590 2405 sedes
1639 2349 1882 2406 Ionibus
1923 2351 2041 2415 sint
2085 2348 2481 2427 adsignandae.
2561 2354 2732 2412 Ionia

522 2432 683 2501 enim
715 2431 1023 2495 videbatur
1050 2424 1318 2497 Barbaris
1345 2446 1472 2483 esse
1499 2427 1893 2500 relinquenda,
1921 2429 2392 2503 quandoquidem
2433 2432 2562 2487 fieri
2607 2450 2729 2491 non

566 2520 721 2581 osset
768 2517 837 2578 nt
878 2511 987 2582 ipsi
1035 2516 1317 2581 perpetuo
1358 2504 1540 2561 Ioniae
1583 2505 1975 2578 praesiderent,
2021 2524 2268 2581 eamque
2315 2510 2726 2583 custodirent,

520 2526 701 2645 {ones
730 2596 950 2653 autem,
979 2586 1086 2641 nisi
1116 2584 1227 2641 sub
1254 2581 1592 2653 Graecorum
1623 2585 1903 2658 *praesidio
1944 2592 2159 2659 essent,
2180 2589 2566 2662 'nequaquam
2589 2603 2730 2663 spe·-

524 2682 654 2721 rare
692 2673 951 2739 possent,
980 2664 1171 2718 salvos
1200 2680 1261 2717 se
1289 2662 1435 2728 fore,
1464 2679 1570 2717 nec
1616 2678 1810 2735 poenas
1855 2658 2038 2719 Persis
2077 2663 2332 2721 daturos.
2411 2668 2551 2729 Qua
2591 2686 2731 2741 pro-

524 2744 720 2827 posita
785 2738 1225 2807 deliberatione,
1294 2740 1395 2813 qui
1482 2758 1555 2796 ex
1621 2740 2059 2814 Peloponnesiis
2122 2742 2366 2799 aderant
2433 2745 2733 2820 dignitate

526 2820 870 2884 eminenteS,
925 2820 1187 2892 emporia
1239 2818 1577 2873 Graecorum
1636 2822 1735 2891 qui
1801 2834 1936 2875 cum
1986 2818 2181 2877 Medis
2221 2822 2564 2889 sensissent,
2603 2814 2730 2893 eje-

412 2908 429 2921 ’
526 2899 634 2973 ctis
686 2898 915 2963 incolis,
945 2914 1081 2953 cum
1124 2914 1266 2971 agro
1302 2894 1372 2952 ad
1420 2896 1695 2970 quodque
1733 2896 2063 2969 emporium
2105 2900 2459 2971 pertinente,
2489 2902 2734 2961 Ionibus

526 2976 677 3033 tradi
719 2976 929 3031 debere
968 2975 1297 3031 incolenda.
1396 2975 1623 3030 Contra
1672 2975 2057 3032 Athenienses
2111 2978 2280 3033 nulio
2321 2986 2498 3050 pacto
2553 2980 2733 3041 lonas

528 3056 704 3111 aliam
733 3050 791 3109 in
814 3063 1027 3123 terram
1059 3052 1496 3109 transferendos
1537 3054 1876 3120 censebant,
1903 3070 2014 3110 nec
2039 3053 2250 3111 decere
2269 3055 2734 3130 Peloponnesios

527 3134 601 3189 de
652 3129 911 3205 ipsorum
964 3132 1206 3197 coloniis
1270 3130 1586 3203 quidquam
1656 3139 1926 3189 statuere.
2021 3132 2251 3193 Quibus
2295 3134 2732 3205 obnitentibuS,

528 3210 686 3266 haud
716 3209 888 3266 inviti
920 3207 1325 3283 Peloponnesii
1350 3216 1776 3266 concesserunt.
1861 3210 2070 3282 ltaque
2093 3210 2321 3267 Samios
2361 3220 2424 3268 et
2465 3214 2648 3271 Chios
2671 3224 2740 3273 et

526 3288 800 3363 Lesbios,
852 3284 1219 3360 reliquosque
1264 3286 1579 3355 insulares,
1631 3289 1735 3363 qui
1779 3304 1944 3344 arma
1995 3296 2056 3344 et
2097 3306 2272 3345 naves
2319 3306 2461 3349 cum
2507 3293 2738 3351 Graecis

528 3365 917 3430 sociaverant,
949 3367 1007 3420 in
1040 3380 1359 3429 commune
1384 3366 1674 3421 sociorum
1704 3373 2067 3457 receperunt,
2097 3367 2212 3423 fide
2245 3374 2307 3424 et
2336 3364 2736 3439 jurejurando

530 3443 837 3499 adstrictos
866 3444 937 3498 d'e
964 3444 1239 3499 societate
1268 3449 1607 3509 constanter
1631 3450 1692 3499 et
1717 3460 1852 3500 cum
1879 3444 1994 3500 fide
2018 3445 2314 3502 servanda.
2397 3448 2540 3509 Quo
2567 3448 2736 3507 facto

528 3520 601 3579 ad
630 3520 1080 3595 Hellespontum
1127 3522 1502 3595 navigarunt,
1537 3529 1748 3593 pontes
1791 3522 2057 3595 soluturi,
2089 3540 2236 3597 quos
2279 3525 2476 3582 adhuc
2512 3534 2738 3591 stratos

528 3618 590 3667 se
618 3608 945 3673 reperturos
970 3616 1095 3656 esse
1120 3599 1614 3672 existimaverant.
2117 3598 2122 3609 ⁸

614 3682 745 3741 107.
790 3678 913 3743 Qui
957 3697 1030 3733 ex
1064 3678 1337 3733 Barbarie
1384 3676 1534 3752 fuga
1584 3686 1910 3749 evaserunt,
1937 3696 2186 3736 numero
2233 3681 2388 3745 haud
2433 3684 2638 3749 multi,
2671 3686 2738 3743 in

525 3754 775 3831 Mycaiae
800 3754 1104 3811 cacumina
1128 3754 1417 3829 compulsi
1442 3780 1459 3825 3
1507 3756 1570 3811 hi
1595 3755 1806 3813 deinde
1831 3754 2036 3814 Sardes
2062 3756 2208 3815 salvi
2233 3761 2548 3819 redierunt.
2602 3764 2736 3824 Qui

530 3834 671 3909 glum
722 3852 791 3889 eo
834 3842 1217 3899 revertuntur,
1262 3836 1321 3909 in
1366 3833 1570 3889 itinere
1597 3832 1888 3900 Masistes,
1917 3835 2084 3892 Darii
2127 3837 2306 3904 filius,
2331 3841 2434 3912 qui
2474 3850 2740 3915 acceptas

530 3912 683 3977 cladi
710 3912 1073 3977 interfuerat,
1111 3912 1321 3967 ducem
1362 3912 1650 3968 exercitus
1676 3915 2021 3986 Artayntem
2062 3915 2264 3972 multis
2291 3918 2614 3975 insectatus
2643 3932 2742 3979 est

530 3988 879 4055 maledictis,
904 4008 1087 4065 quum
1116 3990 1232 4045 alia
1256 3989 1479 4052 dicens,
1507 3997 1638 4046 tum
1683 4000 1745 4047 et
1785 4008 1894 4048 esse
1933 3993 2092 4048 illum
2131 3994 2362 4052 muliere
2395 3999 2742 4073 ignaviorem

533 4068 675 4161 quod
726 4069 831 4139 isto
881 4070 1036 4140 modo
1077 4068 1271 4143 bellurn
1309 4068 1766 4147 admistum-asset,
1804 4076 1858 4126 et
1883 4073 2076 4159 quavis
2107 4088 2274 4163 poena
2319 4076 2550 4155 dignum
2593 4092 2740 4161 esse,
