2925 4992
542 339 619 391 92
766 408 783 421 x
1116 330 1618 393 HERoDo'rl
1673 328 2040 393 Ηιετοιι.
2081 330 2164 392 11.

540 488 699 565 pulis
752 488 1157 547 robustissima
1192 490 1549 557 valetudine,
1578 490 1656 546 ob
1679 490 1806 546 coeli
1851 498 1999 566 puto
2039 489 2404 567 temperiem,
2429 494 2762 565 tempesta·

542 581 781 643 temque
832 568 1015 625 nullis
1058 571 1483 627 mutationibus
1529 570 1863 627 obnoxiam.
1943 570 2039 626 Ex
2083 569 2512 626 mutationibus
2565 570 2758 635 enim,

542 662 729 721 quum
767 647 1011 703 aliarum
1038 664 1257 715 rerum,
1288 658 1417 705 tum
1447 649 1765 721 praesertim
1816 666 1890 705 ex
1929 648 2294 721 tempestatis
2333 646 2774 705 ‘vicissitudini-‘

542 727 677 793 bus,
706 726 962 782 maxime
990 726 1050 781 in
1080 728 1319 783 morbos
1365 728 1642 783 incidunt
1684 726 1974 783 homines.
2055 727 2390 784 Vescuntur
2415 738 2616 783 autem
2645 744 2760 801 pa·-

542 806 739 868 nibus,
769 822 842 860 ex
870 822 977 860 zea
1002 806 1202 873 coctis,
1230 822 1377 880 quos
1405 806 1649 878 cyllestes
1675 807 2004 862 nominant.
2093 806 2240 861 Vino
2281 806 2468 877 vulgo
2495 814 2764 861 utuntur

544 902 617 941 ex
672 882 888 939 hordeo
935 883 1229 951 confect0‚
1278 900 1461 957 quum
1513 885 1664 939 vites
1718 900 1839 940 non
1887 884 2036 940 ferat
2093 885 2273 959 regio.
2359 886 2551 940 Pisces
2603 884 2762 940 alios

543 962 858 1019 comedunt
884 962 1113 1032 crudos,
1144 964 1207 1017 in
1234 964 1357 1019 sole
1383 963 1661 1030 siccatos3
1708 961 1854 1017 alios
1894 962 2015 1019 sale
2053 963 2338 1019 conditos.
2421 964 2517 1019 Ex
2543 962 2762 1019 avibus

542 1042 867 1098 coturnices
895 1048 954 1097 et
981 1051 1184 1097 anates
1213 1050 1271 1097 et
1296 1043 1550 1097 minores
1579 1039 1834 1097 aviculas
1876 1042 2080 1096 crudas
2122 1041 2324 1106 edunt,
2349 1041 2470 1097 sale
2509 1042 2762 1115 quidem

546 1128 685 1177 ante
712 1119 1013 1189 'condita53
1062 1119 1286 1193 reliqua
1324 1128 1523 1177 autem
1551 1118 1645 1174 vel
1683 1123 1883 1176 avium
1923 1136 2144 1195 genera
2187 1120 2282 1176 vel
2325 1120 2599 1193 piscium,
2645 1138 2758 1175 ex-

544 1198 729 1272 ceptis
775 1198 866 1253 bis
912 1216 1042 1272 qua:
1086 1216 1249 1254 sacra
1296 1199 1605 1264 habentur,
1649 1201 1862 1271 partim
1914 1206 2106 1255 assata
2153 1198 2488 1265 comedunt,
2533 1200 2761 1272 partim

546 1279 719 1335 elixa.

624 1359 721 1419 78.
761 1357 791 1412 Ι
798 1374 833 1411 ιι
882 1357 1135 1412 conviviis
1176 1354 1632 1429 opulentiorum,
1659 1362 1970 1429 postquam
2016 1374 2248 1413 coenare
2296 1355 2764 1421 desierunt,'cir-

547 1435 800 1493 cumfert
842 1435 1047 1509 aliquis
1082 1435 1144 1491 in
1170 1433 1367 1490 loculo
1408 1436 1608 1489 mortui
1651 1435 1906 1490 hominis
1947 1437 2294 1491 simulat-rum
2336 1453 2410 1493 ex
2445 1436 2618 1510 ligno
2660 1434 2758 1489 fa-

545 1523 734 1579 ctum,
766 1514 989 1587 pictura
1009 1521 1069 1570 et
1096 1530 1269 1586 opere
1290 1514 1547 1569 maxime
1587 1512 1658 1568 ad
1703 1520 1970 1569 naturam
1997 1528 2356 1587 expressum,
2383 1512 2764 1589 longitudine

545 1592 787 1649 cubitali
810 1594 1087 1656 omnin0,
1118 1602 1221 1649 aut
1248 1592 1500 1648 duorum
1540 1591 1894 1648 cubitorum.
1977 1593 2109 1648 Hoc
2149 1593 2531 1649 simulacrum
2553 1598 2764 1647 osten-

544 1672 693 1728 dens
726 1672 826 1727 ille
872 1672 1210 1744 unicuique,
1253 1672 1371 1727 ait:
1445 1678 1486 1703 “
1521 1670 1591 1727 ln
1640 1671 1800 1726 hunc
1845 1672 2080 1727 intuens
2129 1670 2262 1727 bibe
2309 1680 2371 1727 et
2415 1672 2760 1740 delectare3

544 1758 589 1783 “
620 1757 755 1823 post
784 1760 1035 1807 mortem
1061 1750 1219 1804 enim
1248 1750 1381 1806 talis
1410 1750 1578 1805 eris.”
1660 1748 1796 1805 Hoc
1821 1748 1881 1804 in
1913 1746 2202 1806 conviviis
2231 1746 2468 1806 faciunt.

624 1830 721 1891 79.
763 1828 973 1884 Pati-iis
1019 1829 1301 1884 institutis
1342 1828 1425 1882 ita
1460 1835 1601 1884 sunt
1645 1826 1846 1891 dediti,
1873 1836 1943 1884 ut
1969 1829 2226 1884 alienum
2269 1829 2500 1884 nullum
2535 1828 2764 1886 adscis-

546 1915 696 1966 cant.
776 1906 1021 1963 Habent
1068 1914 1263 1961 autem
1312 1924 1494 1979 quum
1537 1906 1652 1961 alia
1696 1908 1965 1963 instituta
2005 1907 2432 1973 memorabilia,
2480 1916 2614 1964 tum
2667 1915 2766 1965 est

545 1985 701 2059 apud
752 1985 885 2040 illos
936 1986 996 2039 in
1036 2002 1147 2040 usu
1194 1986 1486 2039 cantilena
1523 1984 1818 2057 quaedam,
1861 2002 1992 2057 quae
2031 1994 2091 2041 et
2133 1986 2194 2041 in
2233 1986 2538 2041 Phoenicia
2575 1994 2640 2042 et
2691 1986 2763 2043 in

544 2066 743 2139 Cypro
772 2070 1039 2119 cantatur
1080 2072 1143 2118 et
1186 2063 1325 2118 alibi
1347 2086 1362 2133 3
1408 2080 1516 2135 pro
1563 2063 1804 2118 diversis
1831 2072 2029 2120 autem
2058 2064 2290 2137 populis
2321 2082 2538 2120 nomen
2573 2064 2766 2121 habet

546 2142 867 2208 diversum,
896 2142 1169 2217 congruit
1210 2158 1349 2197 vero
1376 2150 1550 2214 atque
1589 2143 1736 2197 adeo
1761 2140 1920 2198 idem
1946 2154 2037 2198 est
2063 2159 2240 2217 quem
2267 2142 2458 2199 Graeci
2483 2149 2761 2209 cantant,

547 2220 753 2278 Linum
782 2222 1172 2277 nominantes.
1252 2221 1472 2286 Quare,
1509 2227 1577 2275 ut
1618 2221 1809 2276 multa
1852 2220 1970 2277 alia
2011 2238 2216 2278 eorum
2243 2238 2374 2296 quae
2395 2218 2456 2276 in
2483 2221 2764 2297 AEgypto

546 2308 708 2366 sunt,
755 2301 837 2355 sic
866 2308 925 2355 et
960 2301 1072 2355 hoc
1096 2299 1374 2365 mitabor,
1406 2296 1626 2355 Linum
1663 2299 1818 2354 unde
1845 2296 2207 2372 acceperint.
2253 2301 2392 2355 satis
2423 2317 2566 2356 vero
2589 2317 2765 2357 com-

547 2390 780 2453 pertum
824 2386 932 2444 est,
976 2379 1051 2435 ab
1090 2378 1512 2451 antiquissimis
1563 2378 1928 2451 temporibus
1971 2380 2128 2435 hunc
2169 2380 2246 2435 ab
2279 2377 2397 2435 illis
2439 2379 2574 2434 cani
2615 2379 2764 2436 soli-

546 2465 694 2514 tum.
774 2456 1133 2514 Nominatur
1158 2464 1358 2513 autem
1394 2456 1583 2513 Linus
1604 2454 2021 2531 AEgyptiorum
2051 2458 2260 2532 lingua
2286 2457 2560 2513 Maneros,
2646 2457 2765 2514 Di-

546 2544 687 2594 cunt
724 2554 865 2591 vero
905 2535 1199 2611 AEgyptii,
1243 2535 1425 2591 fuisse
1466 2534 1634 2591 illum
1673 2536 1848 2609 primi
1887 2536 2064 2610 regis,
2110 2537 2211 2610 qui
2257 2535 2320 2591 in
2350 2536 2620 2610 AEgypto
2666 2554 2764 2593 re·-

546 2615 768 2692 gnarit‚
798 2615 983 2669 filium
1007 2614 1292 2670 unicum·
1340 2616 1520 2679 hunc,
1547 2619 1687 2668 ante
1715 2614 2087 2686 pubertatem
2123 2624 2450 2681 mortuum,
2477 2616 2764 2673 lamentis

550 2695 643 2751 his
687 2695 961 2766 prosequi
988 2692 1342 2767 AEgyptios:
1386 2700 1446 2748 et
1486 2708 1612 2747 esse
1650 2691 1804 2747 hanc
1827 2692 1982 2768 apud
2025 2710 2090 2749 se
2126 2693 2379 2767 primam
2419 2702 2478 2749 et
2516 2694 2762 2751 unicam

550 2772 929 2829 cantilenam-2

548 2864 553 2872 ·
630 2854 725 2907 80.
773 2850 969 2906 Etiam
1011 2849 1122 2907 hoc
1162 2868 1481 2906 commune
1507 2849 1723 2906 habent
1749 2850 2023 2925 AEgyptii
2057 2868 2195 2909 cum
2223 2852 2564 2909 Graeoorum
2594 2868 2762 2913 non-

549 2927 753 2996 nume,
800 2946 935 2985 cum
976 2930 1114 2991 solis
1154 2929 1391 3003 quidem
1434 2928 1939 2985 Lacedaemoniis:
1988 2928 2235 3001 juniores
2277 2930 2433 3005 apud
2473 2929 2608 2987 illos
2651 2930 2764 2987 ubi

550 3009 784 3066 obviam
816 3009 1066 3064 veniunt
1108 3009 1423 3074 senioribus,
1452 3008 1670 3063 cedunt
1709 3008 1800 3065 his
1843 3009 1961 3074 via,
1985 3026 2052 3064 ac
2089 3008 2439 3077 deflectunt3
2485 3016 2546 3065 et
2571 3007 2764 3065 adve-

550 3086 867 3151 aientibus,
918 3106 951 3143 e
1003 3084 1169 3143 sedili
1214 3086 1558 3162 adsurgunt.
1639 3086 1776 3143 Hoc
1829 3104 1970 3143 vero
2017 3104 2052 3143 a
2093 3088 2446 3144 Graecorum·
2480 3088 2762 3144 omnium

548 3167 813 3223 moribus
840 3164 1163 3221 abhorrens
1200 3166 1459 3221 habent.
1509 3167 1568 3220 in
1613 3166 1709 3221 via
1745 3164 2001 3239 publica,
2027 3165 2160 3221 loco
2197 3167 2594 3232 salutationiS,
2621 3168 2764 3223 ado-

549 3252 680 3301 rant
708 3245 854 3301 alter
880 3241 1149 3306 alterum,
1179 3260 1423 3299 manum
1450 3260 1640 3319 usque
1667 3243 1741 3299 ad
1765 3260 1961 3319 genua
1985 3245 2319 3301 demittens.

630 3328 725 3379 81.
774 3322 1019 3377 Vestibus
1060 3331 1309 3377 utuntur
1338 3321 1524 3387 lineis,
1554 3323 1707 3378 circa
1747 3339 1917 3378 crura
1957 3318 2284 3388 fimbriatis,
2315 3340 2458 3410 quas
2497 3324 2769 3380 calasires

528 3402 803 3457 ‘vocant.
852 3418 1025 3475 super
1051 3402 1141 3455 his
1168 3400 1412 3456 candida
1434 3408 1667 3475 gestant
1695 3401 1942 3457 amicula
1967 3402 2136 3458 lanea
2161 3396 2575 3473 superinjecta.
2629 3402 2768 3461 Nec

549 3498 691 3535 vero
719 3480 941 3551 templa·
980 3478 1403 3571 ingrediuntur
1414 3496 1551 3535 cum
1579 3479 1761 3535 laneis
1787 3480 2078 3546 amiculis,
2108 3496 2214 3535 nee
2241 3480 2329 3535 his
2355 3480 2548 3536 induti
2591 3494 2767 3555 sepe-

548 3559 813 3614 liuntur:
856 3558 1022 3613 nefas
1066 3566 1155 3613 est
1198 3558 1375 3613 enim.
1456 3558 1576 3617 Qui
1611 3574 1740 3614 mos
1777 3556 2053 3634 congruit
2081 3576 2221 3614 cum
2265 3559 2538 3631 Orphieis
2593 3562 2764 3633 (quas

549 3639 866 3708 vocantur)
918 3646 977 3692 et
1025 3635 1327 3692 Bacchicis
1366 3637 1679 3701 institutis,
1709 3652 1840 3710 quoe
1884 3644 2036 3692 sunt
2057 3635 2273 3693 eadem
2301 3637 2670 3713 AEgyptiaca
2703 3650 2768 3696 et

550 3712 953 3792 Pythagorica
1034 3714 1216 3781 Nam,
1258 3716 1361 3789 qui
1402 3715 1610 3771 horum
1642 3732 1934 3771 sacrorum
1960 3724 2050 3770 est
2073 3716 2381 3789 particeps,
2403 3732 2544 3771 eum
2587 3718 2768 3775 nefas

550 3805 639 3850 est
665 3796 729 3850 in
759 3795 936 3850 laneis
962 3794 1325 3851 vestimentis
1354 3794 1619 3866 sepeliri.
1663 3790 1834 3865 cujus
1873 3794 1956 3892 rei
1991 3810 2159 3849 sacra
2195 3794 2465 3869 quaedam
2491 3794 2769 3853 redditur

550 3872 719 3929 ratio,

632 3956 725 4007 82.
770 3952 924 4007 Sunt
976 3968 1147 4025 porro
1190 3950 1305 4005 alia
1350 3949 1425 4005 ab
1471 3950 1810 4024 AEgyptiis
1819 3950 2080 4019 inventa,
2115 3950 2346 4007 haecce.
2391 3954 2656 4007 mensium
2683 3960 2766 4041 ‘et

551 4031 763 4086 dierum
798 4031 1199 4104 unusquisque
1225 4029 1458 4083 cuinam
1488 4044 1562 4083 ex
1589 4028 1718 4083 Diis
1759 4028 1835 4084 sit
1865 4036 2274 4098 consecratus,
2319 4038 2402 4095 et,
2425 4042 2554 4103 quo
2593 4026 2768 4104 quis-

552 4124 670 4183 que
696 4108 791 4166 die
818 4117 987 4165 natus
1006 4118 1113 4174 est,
1131 4124 1397 4182 quaenam
1426 4108 1544 4163 sint
1573 4102 1744 4176 hujus
1769 4107 2024 4164 bominis
2049 4108 2174 4163 fata
2197 4108 2420 4174 futura,
2447 4124 2570 4182 qno
2593 4126 2766 4165 mor-

528 4189 629 4249 ‘tis
653 4204 867 4267 genere
890 4188 1205 4263 periturus,
1221 4185 1526 4261 quodnam
1545 4181 1672 4295 ejus
1698 4184 1974 4244 futurum
1999 4187 2077 4245 sit
2097 4187 2405 4263 ingenium
2425 4196 2488 4243 et
2512 4195 2760 4247 natura.
