2925 4992
1050 279 1431 393 'rfflmas
2229 322 2340 380 ιιι

144 477 457 633 iffigiprimo
494 476 2357 632 ὶιοῗὲιίἑεᾱξιῗοθὲἒέὶῖιῗδιξοεὲξιῗῗιῖιιῗῗιωὲξῗνὶῗηῒῃάιιῗὶιιῶι

144 656 199 693 ea
232 654 287 693 se
306 654 419 695 esse
436 636 663 705 oblitos,-
698 652 823 710 φερε
858 637 1069 700 deinde,
1116 655 1181 693 ea
1208 654 1315 693 novt
1342 637 1666 710 intelligere.
1749 637 1890 695 Post
1937 637 2086 705 haec,
2131 638 2348 703 iterum
2405 706 2410 711 ⁸

145 714 383 783 admissi,
426 732 667 778 saccum
704 717 961 775 ferentes
989 712 1137 773 nihil
1163 714 1325 771 aliud
1348 715 1646 783 dixerunt,
1683 716 1801 773 nisi
1826 716 1954 775 haec
1979 716 2179 781 verba,
2209 716 2348 776 Sac-

147 792 431 867 cassat-ino
476 795 707 869 indiget.
787 790 1019 857 Quibus
1062 793 1335 869 Spartani
1362 794 1812 868 responderunt,
1852 795 2114 856 vocabulo
2142 796 2348 854 Sace-s

146 874 468 951 supersedere
492 890 585 929 eos
606 876 887 947 potuisse.-
924 890 1101 945 opem
1126 890 1265 931 vero
1294 872 1445 929 ferre
1473 874 1875 935 decreverunt.

212 954 303 1008 4⁷.
336 949 580 1012 Deinde
603 952 1057 1017 Lacedaemonii,
1088 951 1261 1009 rebus
1300 951 1582 1009 omnibus
1619 952 1860 1026 paratis,
1889 952 2216 1017 exercitum
2245 952 2352 1009 Sa
2359 994 2366 1001 .

147 1047 293 1087 mum
334 1030 669 1089 miserunt.
716 1031 913 1105 idque,
940 1038 1012 1085 ut
1037 1030 1273 1104 quidem
1300 1028 1485 1087 Samii
1525 1030 1756 1097 dicunt,
1784 1031 2050 1090 fecerunt
2077 1046 2358 1091 remune-

148 1108 311 1165 raturi
352 1108 740 1176 beneficium,
788 1107 1271 1183 quandoquidem
1314 1108 1455 1181 ipsis
1503 1110 1804 1183 superiore
1855 1116 2124 1183 tempore
2173 1106 2362 1167 Samii

152 1188 379 1243 navibus
402 1204 591 1261 opem
616 1187 891 1244 tulissent
922 1185 1203 1243 adversus
1240 1186 1603 1243 Messenios:
1649 1194 1718 1245 ut
1743 1204 1888 1243 vero
1911 1186 2362 1251 Lacedaemonii,

152 1265 317 1331 aiunt,
344 1282 473 1323 non
500 1273 631 1343 tpm
658 1265 875 1323 samiis
900 1265 1279 1340 precantibus
1318 1282 1494 1339 opem
1535 1266 1709 1323 laturi
1741 1266 2174 1339 expeditionem
2204 1268 2358 1331 hanc

148 1352 533 1420 aeceperunt,
578 1361 757 1419 quam
802 1345 1017 1419 punire
1058 1344 1193 1401 illos
1232 1345 1563 1417 cupientes,
1589 1344 1748 1419 quod
1793 1352 2080 1407 craterem
2129 1345 2370 1421 rapuis·,

149 1432 281 1492 sent,
304 1422 379 1482 ad
406 1424 689 1479 Croesum
732 1441 771 1479 a
806 1440 871 1479 se
912 1423 1188 1489 missum,
1218 1422 1480 1497 itemque
1515 1423 1840 1489 thoracem,
1871 1440 2052 1497 quem
2082 1424 2360 1481 Lacedoe·

149 1502 337 1559 moniis
363 1501 525 1559 dono
546 1501 787 1559 miserat
808 1501 1065 1569 Amasis,
1094 1518 1196 1558 rex
1216 1500 1488 1577 AEgypti.
1567 1501 1725 1559 Nam
1751 1511 1813 1559 et
1835 1502 2138 1559 thoracem
2159 1500 2356 1569 illum,

150 1580 425 1653 superiore
446 1597 615 1637 anno
642 1598 823 1653 quam
846 1587 1155 1646 craterem,
1184 1579 1365 1637 Samii
1409 1587 1748 1653 rapuerant.
1827 1578 2095 1638 Linens'
2077 1598 2130 1637 is
2161 1581 2359 1637 thorae

150 1666 275 1725 erat,
300 1658 507 1717 multis
554 1658 809 1717 intextis·
838 1658 1047 1734 figuris
1070 1666 1313 1715 ornatus
1350 1675 1427 1713 ex
1466 1674 1612 1715 auro
1637 1665 1698 1715 et
1725 1658 1866 1715 lana
1901 1659 2148 1734 xylina:
2189 1657 2348 1735 quod

152 1754 273 1794 vero
314 1738 539 1795 miratu
578 1737 835 1813 dignum
882 1746 997 1805 est,
1034 1738 1215 1797 filum
1265 1733 1518 1796 thoracis
1565 1738 1890 1813 quodlibet,
1945 1754 2134 1810 quum
2177 1746 2352 1800 tenue

154 1816 325 1890 ipsum
354 1817 453 1883 sit,
483 1818 549 1877 in
578 1834 647 1873 se
670 1817 935 1874 eontinet
970 1778 1072 1874 t’il·
1100 1823 1363 1875 trecenta
1401 1822 1463 1871 et
1501 1816 1833 1890 sexaginta,
1865 1812 2184 1889 conspicua
2209 1835 2360 1883 cun-

153 1903 249 1951 cta.
322 1894 487 1953 Alius
520 1895 663 1953 huic
692 1895 1029 1953 simillimus
1056 1903 1171 1964 est,
1196 1911 1377 1969 quem
1404 1890 1584 1953 Lindi
1623 1895 1782 1956 idem
1808 1890 2039 1953 Amasis
2064 1895 2357 1963 Minervas

157 1972 441 2032 dedicavit.

219 2053 311 2109 48.
352 2054 621 2127 Operam
648 2060 850 2111 autem
880 2068 1050 2109 suam
1090 2052 1163 2109 ad
1204 2052 1355 2109 hanc
1382 2059 1594 2111 contra
1621 2051 1868 2111 Samum
1895 2052 2360 2128 expeditionem,

157 2136 213 2187 ut
234 2132 649 2206 susciperetur,
676 2132 939 2189 studiose
964 2132 1144 2188 etiam
1182 2131 1562 2189 contulerunt
1589 2132 1907 2189 Corinthii.
1989 2132 2230 2193 Etenim
2257 2138 2366 2197 ad-

156 2226 333 2281 versus
374 2211 487 2267 hos
526 2227 769 2285 quoque
804 2209 1229 2267 contumeliam
1270 2210 1632 2267 admiserant
1673 2210 1857 2270 Samii
1897 2213 2171 2285 proxima
2213 2222 2360 2275 ante

156 2287 287 2345 hanc
310 2290 755 2365 expeditionem
786 2296 983 2355 aetate,
1012 2304 1117 2362 per
1156 2288 1313 2345 idem
1358 2296 1598 2362 tempus
1645 2306 1764 2362 quo
1804 2298 1996 2348 crater
2020 2302 2228 2365 raptus
2253 2302 2366 2351 est·

159 2366 461 2435 Periamier,
494 2368 743 2443 Cypseli
770 2368 949 2434 filius,
980 2374 1269 2423 trecentos
1308 2384 1522 2441 pueros
1563 2363 1898 2441 principum
1941 2384 2012 2423 ex
2039 2369 2366 2443 Corcyraeis

159 2446 395 2508 virorum
426 2446 645 2503 Sardes
673 2445 747 2503 nd
772 2445 1049 2522 Alyatten
1088 2445 1331 2504 miserat
1370 2445 1724 2504 castrandos.
1799 2446 1970 2509 Quos
2012 2464 2224 2521 pueros
2261 2450 2366 2524 qui

158 2524 427 2584 ducebant
468 2524 767 2583 Corinthii
807 2542 999 2597 quum
1036 2524 1111 2581 nd
1152 2524 1399 2582 Samum
1440 2524 1831 2599 adpulissent,
1875 2526 2118 2601 cog-nita
2151 2544 2366 2589 caussa

160 2600 319 2675 Samii
358 2622 465 2661 cur
514 2603 729 2663 Sardes
776 2604 865 2659 illi
910 2603 1281 2670 ducerentur,
1314 2603 1578 2678 primum
1612 2612 1972 2663 monuerunt
2015 2622 2248 2679 pueros,
2289 2615 2376 2667 ut·

160 2683 429 2757 templum
467 2689 785 2757 tangerent
810 2682 1059 2739 Dianae·
1102 2681 1335 2749 deinde,
1361 2700 1547 2756 quum
1587 2700 1624 2739 a
1638 2683 1888 2775 templo
1929 2683 2195 2741 abstrahi
2220 2702 2364 2761 sup·

160 2760 317 2833 plices
344 2764 451 2819 hos
480 2778 609 2819 non
640 2767 1002 2835 paterentur,
1032 2759 1323 2817 Corinthii
1364 2768 1566 2818 autem
1607 2749 1827 2819 eisdem
1857 2761 2145 2821 alimenta
2171 2782 2364 2841 neg-a·-

162 2849 293 2905 rent‚
318 2840 509 2899 festos
552 2838 681 2895 dies
718 2839 1105 2897 instituerunt
1138 2838 1345 2905 Samii,
1374 2856 1524 2913 quos
1549 2841 1732 2897 etiam
1761 2858 1922 2897 nunc
1947 2842 2158 2901 eodem
2183 2842 2366 2903 modo

162 2918 479 2977 celebrant.
549 2918 867 2992 ingruente
924 2924 1117 2983 nocte,
1170 2918 1455 2992 quamdiu
1513 2918 1760 2975 aderant
1827 2920 2122 2993 supplices
2173 2924 2378 2996 pueri‚·

163 2994 347 3054 choros
400 2996 667 3073 agebant
715 2995 1016 3071 virginum
1060 2992 1494 3071 juvenumque,
1546 2997 1866 3054 constituta
1908 2998 2062 3073 lege,
2113 3008 2210 3067 ut,
2251 3003 2368 3075 qui

164 3074 319 3133 choro
344 3077 726 3139 interessent,
756 3074 1001 3131 bellaria
1018 3090 1223 3133 secum
1264 3075 1485 3132 ferrent
1526 3092 1600 3143 ex
1645 3090 1876 3131 sesamo
1915 3085 1976 3133 et
2015 3078 2192 3134 melle
2217 3096 2368 3137 con-

162 3152 315 3222 fecta,
340 3172 474 3230 qum
504 3173 545 3211 a
573 3153 770 3227 pueris
812 3154 1131 3227 Corcyraeis
1172 3162 1339 3228 rapta
1376 3154 1838 3211 comederentur.
1920 3154 2107 3228 idque
2132 3157 2364 3221 tamdiu

163 3231 235 3289 ita
256 3234 544 3301 fecerunt,
576 3233 765 3289 donec
792 3232 1065 3291 custodes
1108 3250 1426 3307 puerorum
1451 3232 1769 3299 Corinthii,
1801 3232 1916 3291 illis
1939 3234 2180 3304 relictis,
2201 3236 2368 3295 abie-

163 3319 321 3368 runt:
360 3320 513 3371 tunc
544 3327 685 3367 vero
712 3328 925 3385 pueros
953 3311 1269 3386 Corcyram
1298 3308 1482 3369 Samii
1508 3312 1882 3379 reduxerunt.

231 3396 319 3449 49.
357 3390 521 3457 Jam,
554 3389 609 3445 si
653 3397 891 3447 mortuo
932 3388 1247 3447 Periandro
1286 3391 1612 3449 amicitiam
1637 3390 1932 3449 Corinthii
1965 3410 2104 3451 cum
2147 3394 2370 3470 Corcy-

165 3468 281 3527 raeis
316 3470 669 3533 coluissent,
698 3485 815 3525 non
845 3468 933 3525 im
960 3468 1113 3524 hanc
1150 3469 1231 3526 ob
1270 3486 1514 3526 causam
1539 3470 1685 3527 socii
1709 3477 1876 3529 erant
1901 3471 2090 3532 futuri
2129 3476 2368 3549 expedi-

164 3546 325 3604 tionis
350 3557 562 3607 eontra
590 3547 835 3603 Samum
862 3555 1165 3620 susceptae.
1231 3548 1437 3613 Nunc,
1464 3566 1542 3605 ex
1567 3564 1684 3625 quo
1703 3548 2039 3610 coloniam
2025 3570 2084 3609 ιιι
2117 3553 2368 3613 insuism
2413 3583 2418 3587 ·

167 3623 315 3683 illam
356 3626 747 3689 deduxerant,
792 3635 1079 3699 perpetuo
1121 3636 1351 3683 mutuae
1390 3628 1546 3683 inter
1589 3634 1866 3702 utrosque
1895 3629 2108 3687 durant
2145 3632 2370 3689 dissen-

168 3704 657 3779 siones.1taque
690 3704 854 3761 illam
894 3705 972 3760 ob
1012 3721 1279 3765 caussam
1326 3706 1540 3762 Samiis
1583 3703 1882 3765 Corinthii
1923 3709 2369 3765 succensebant.

168 3780 397 3841 Miserat
438 3791 645 3841 autem
685 3780 889 3839 Sardes
930 3783 1247 3841 Periander
1286 3784 1633 3841 casti-andos
1658 3802 1872 3859 pueros
1917 3804 1992 3843 ex
2035 3787 2370 3861 principum

170 3860 603 3937 Corcyraeorum
650 3860 893 3919 familiis
944 3863 1150 3928 lectos,
1196 3880 1437 3936 poenam
1509 3863 1584 3919 ab
1649 3864 1768 3922 illis
1827 3874 2166 3923 sumturus:
2229 3884 2372 3924 nam

170 3940 377 4010 priores
405 3940 703 4015 Corcyraei
730 3940 1021 3999 nefarium
1048 3940 1321 3997 facinus
1308 3959 1370 3997 ιιι
1400 3942 1595 4015 ipsum
1624 3942 1994 4001 admiserant.

246 4022 335 4076 50.
374 4020 612 4077 Scilicet
636 4030 948 4095 postquam
982 4036 1226 4076 uxorem
1268 4036 1438 4077 suam
1464 4020 1772 4080 Melissam
1799 4020 2112 4079 Periander
2133 4025 2372 4093 occidit,

177 4094 243 4151 ad
264 4098 517 4171 priorem
542 4098 697 4167 hanc
721 4098 1119 4155 calamitatem
1142 4098 1261 4155 alia
1284 4099 1340 4155 ei
1366 4099 1714 4172 supervenit
1749 4095 2109 4169 hujusmodi.
2185 4104 2378 4161 Erant

174 4174 229 4231 ei
250 4192 323 4237 ex
340 4176 591 4247 Melissa
614 4176 732 4249 duo
756 4176 889 4247 filii,
910 4176 1059 4245 alter
1074 4177 1497 4255 septemdecim
1519 4194 1709 4239 annos
1731 4186 1931 4248 natus,
1959 4180 2110 4240 alter
2133 4185 2374 4255 octode-
