2925 4992
1042 308 1419 385 THALIA,
1493 380 1500 387 ‚
2223 314 2349 373 :151

150 476 283 533 dum
306 473 631 535 deliberant
648 489 669 531 ι
696 482 759 533 et
786 474 1018 533 Otanes
1040 473 1307 548 quidem,
1332 470 1578 531 omnino
1613 468 2001 531 differendum
2043 470 2348 546 inceptum

153 556 382 620 censuit,
410 571 601 629 aeque
628 555 691 609 in
718 555 829 611 hac
858 570 1053 611 rerum
1098 552 1538 627 {mrturbatione
1577 549 2040 625 adgrediendum
2067 572 2081 606 ε
2105 552 2347 609 ·Dariua

152 650 293 699 vero,
314 632 589 707 protinus·
622 633 883 689 etmdum
906 648 1051 696 esse,
1080 642 1141 689 et
1170 629 1614 704 exsequendum
1639 628 1958 685 decretum.
2038 629 2162 690 Qui
2199 632 2346 687 dum

154 712 287 767 inter
308 730 371 768 se
396 712 775 778 altercantur,
802 711 1081 784 adparent
1104 719 1331 785 septem
1356 707 1704 780 accipitrum
1733 708 1913 779 fuscia,
1935 708 2346 767 insectantium

152 790 261 846 duo
290 787 455 864 paria
494 791 819 856 vulturum,
848 789 1371 861 vellicantiutnque
1394 806 1490 853 ea,
1519 793 1580 841 et
1619 786 2028 843 fodicantium.
2109 786 2348 849 Quibus

150 870 477 943 conspectis,
506 868 847 942 septemvir-i
872 869 1076 925 cuncti
1114 866 1455 925 collaudant
1483 864 1648 921 Darii
1689 865 2040 924 sententiam
2063 874 2128 921 et
2149 866 2228 923 ad
2255 884 2348 924 re-

156 948 298 1023 giam
322 957 603 1023 pergunt,
630 948 883 1022 augurio
910 948 1065 1003 freti.

218 1031 307 1089 77.
338 1027 469 1087 Qui
497 1026 605 1083 ubi
630 1026 705 1083 ad
736 1036 967 1099 portam
992 1031 1305 1090 venerunt,
1328 1024 1542 1081 accidit
1565 1021 1623 1081 id
1647 1024 1808 1099 quod
1833 1024 2052 1081 Darius
2079 1042 2188 1099 pro
2209 1042 2344 1083 sen-

148 1106 317 1161 tentia
337 1105 604 1161 dixeram
648 1105 919 1161 custodes
946 1104 1179 1161 reveriti
1218 1100 1524 1177 primarios
1549 1120 1624 1158 ex
1658 1102 1848 1157 Persis
1883 1104 2064 1169 viros,
2095 1120 2164 1161 ac
2193 1104 2347 1161 nihil

154 1184 275 1239 mali
294 1184 369 1239 ab
386 1184 473 1240 eis
498 1184 801 1257 suspicati,
820 1184 1067 1239 transire
1088 1200 1189 1239 eos
1218 1183 1373 1256 passi
1396 1190 1556 1248 sunt,
1577 1180 1764 1237 veluti
1785 1182 2072 1239 divinitus
2091 1184 2302 1239 missos
2321 1208 2342 1250 ς

152 1277 317 1334 neque
326 1264 653 1336 quisquam
672 1278 775 1319 eos
790 1262 1194 1337 interrogavit.
1234 1260 1554 1333 Postquam
1577 1260 1800 1315 veroin
1825 1260 2022 1317 auiam
2049 1264 2346 1339 progressi

154 1347 291 1407 sunt,
314 1341 595 1399 incidunt
621 1336 683 1397 in
721 1340 1025 1397 eunuchos
1062 1357 1315 1413 quorum
1358 1356 1580 1395 munus
1617 1345 1708 1394 est
1747 1340 1996 1395 nuncios
2025 1340 2098 1397 ad
2139 1346 2343 1416 reg-eni

152 1418 389 1475 deferre:
434 1421 621 1494 hique
644 1436 717 1474 ex
742 1418 851 1486 eis,
880 1419 1020 1492 quid
1059 1414 1273 1485 velint,
1302 1414 1474 1487 cujus
1515 1417 1598 1473 rei
1637 1432 1846 1474 caussa
1883 1419 2150 1485 veniant,
2175 1437 2342 1492 (μισε-

153 1505 295 1569 runt3
322 1499 629 1572 simulque
646 1506 833 1571 portae
852 1498 1217 1564 custodibus,
1238 1498 1397 1570 quod
1420 1513 1522 1553 eos
1543 1494 1905 1562 admiserint,
1929 1497 2120 1553 minas
2147 1498 2345 1555 inten-

153 1585 279 1642 tant,
304 1578 569 1650 denique
595 1576 867 1651 progredi
894 1578 1155 1633 volentes
1180 1576 1564 1649 septemviros
1593 1574 1922 1645 prohibent.
1975 1578 2052 1631 At
2079 1576 2187 1643 iili,
2217 1594 2344 1633 sese

152 1652 381 1713 invicem
404 1656 732 1720 colonati,
754 1656 969 1713 strictis
994 1655 1233 1730 gladiis,
1263 1657 1371 1711 hos
1394 1654 1502 1727 qui
1525 1652 1660 1708 illos
1689 1653 2002 1725 prohibere
2025 1663 2342 1727 conantur,

156 1748 185 1787 e
204 1735 443 1809 vestigio
466 1734 790 1801 trucidant,
820 1742 879 1790 et
906 1750 1085 1791 eursu
1112 1735 1173 1789 in
1202 1734 1482 1791 conclave
1505 1730 1898 1788 contendunt.

216 1816 301 1869 ⁷8.
340 1813 535 1870 Erant
576 1812 730 1869 forte
766 1823 913 1869 tunc
936 1814 1097 1869 intus
1123 1812 1291 1886 Magi
1318 1810 1496 1867 ambo
1511 1834 1531 1878 3
1577 1816 1636 1864 et
1663 1810 1738 1865 de
1766 1811 1876 1878 his,
1899 1828 2034 1886 qua:
2059 1832 2096 1870 a
2121 1813 2341 1872 Prexa-

155 1904 241 1963 spe
260 1900 387 1947 acta
402 1904 597 1958 erant,
622 1892 1050 1949 consultabant.
1090 1892 1213 1953 Qui
1238 1890 1345 1945 ubi
1370 1887 1672 1945 eunuchos
1701 1889 1972 1949 viderunt
1997 1902 2340 1951 consterna.-

154 1974 231 2025 tos
252 1971 713 2044 clamantesque,
736 1971 995 2027 vicissim
1018 1976 1085 2026 et
1110 1970 1219 2045 ipsi
1248 1962 1644 2042 prosiluerunt
1667 1968 1877 2037 amb03
1911 1978 1992 2037 et,
2023 1981 2339 2048 postquam

158 2056 547 2122 cognoverunt
572 2048 719 2123 quid
742 2050 825 2105 rei
848 2058 1027 2115 esset,
1048 2049 1119 2105 ad
1140 2050 1421 2105 virtutem
1448 2054 1592 2103 sunt
1615 2050 1895 2105 conversi.
1935 2050 2100 2108 Alter
2125 2054 2340 2127 raptim

158 2140 331 2184 arcum
368 2126 553 2201 capit,
600 2128 829 2185 hastam
874 2128 1025 2185 alter
1064 2126 1412 2201 prehendit:
1448 2126 1960 2200 committiturque
1997 2129 2084 2185 ibi
2119 2148 2342 2206 pugna.

156 2201 223 2259 Et
254 2206 299 2262 is
318 2208 589 2281 quidem,
610 2207 713 2279 qui
752 2224 957 2263 arcum
997 2215 1308 2270 sumserat,
1334 2206 1608 2261 cominus
1649 2204 2004 2263 instantibus
2051 2210 2340 2275 hostibus,

155 2281 279 2341 nihil
300 2286 359 2341 in
382 2303 455 2343 co
482 2285 743 2361 praesidii
767 2286 1025 2342 invenit:
1072 2286 1221 2343 alter
1244 2300 1407 2347 vero,
1432 2284 1602 2339 hasta
1625 2300 1689 2338 se
1713 2282 2052 2351 defendens,
2079 2289 2340 2360 primum

155 2362 506 2435 Aspathinem
554 2364 839 2437 percussit
872 2365 937 2419 in
978 2364 1197 2429 femur,
1225 2375 1357 2420 tum
1397 2361 1820 2435 Intaphernem
1864 2364 1922 2417 in
1951 2365 2190 2421 oculum
2218 2392 2235 2436 3
2279 2378 2343 2424 et

158 2440 365 2501 oculum
386 2442 631 2517 quidem
656 2458 729 2499 ex
758 2443 1003 2499 vulnere
1024 2443 1225 2499 amisit
1246 2440 1654 2513 Intaphernes‚
1687 2454 1794 2497 nec
1831 2449 2028 2498 tamen
2069 2452 2342 2502 mortuus

161 2526 245 2575 ωε.
284 2520 439 2577 Dum
466 2522 621 2579 alter
640 2538 715 2578 ex
732 2520 935 2597 Magis
962 2521 1069 2577 hos
1094 2521 1389 2585 vulnerat,
1418 2518 1655 2575 iuterim
1681 2518 1848 2587 alter,
1875 2538 2058 2593 quum
2089 2524 2142 2579 ei
2172 2540 2342 2582 arcus

59 2630 61 2635 ·
159 2597 283 2655 nihil
318 2601 644 2672 prodesset,
670 2609 827 2657 esset
850 2610 1047 2657 autem
1076 2600 1415 2656 cubiculum
1440 2597 1710 2653 conclavi
1735 2600 2106 2675 contiguum,
2135 2602 2196 2657 in
2229 2605 2343 2660 hoc

159 2677 417 2755 confugit,
451 2675 707 2751 januam
744 2680 1071 2735 clausurus.
1154 2679 1267 2734 Sed
1306 2678 1429 2733 duo
1476 2693 1548 2732 ex
1596 2678 1980 2749 septemviris,
2019 2681 2234 2738 Darius
2281 2694 2344 2741 et

160 2754 415 2831 Gobryas,
438 2758 625 2817 simul
668 2760 1027 2835 irrumpunt,
1052 2766 1117 2813 et
1153 2758 1407 2831 Magum
1444 2754 1716 2829 Gobryas
1757 2757 2018 2815 medium
2059 2764 2300 2835 corripit
2321 2778 2342 2818 τ

157 2838 205 2886 at
226 2836 679 2893 colluctantibus
720 2837 955 2893 adstans
980 2836 1216 2901 DariuS,
1244 2836 1419 2891 ferire
1458 2840 1798 2900 cunctatur,
1825 2836 2042 2911 quippe
2085 2840 2144 2895 in
2173 2850 2340 2897 tene·

160 2909 259 2969 bris
278 2924 549 2985 metuens
578 2932 653 2971 ne
676 2915 979 2989 Gobryam
1008 2916 1197 2971 feriat.
1272 2915 1470 2974 Quem
1495 2912 1596 2968 ille
1618 2912 1702 2967 ita
1723 2911 1978 2971 otiosum
2005 2918 2214 2974 videns
2239 2920 2342 2976 ad·

157 2998 397 3060 stantem,
426 3003 466 3028 “
494 2992 726 3054 Quidni
768 2994 1251 3067 manu,'’·inquit,
1280 2999 1322 3025 ‘⁶
1350 2991 1538 3046 uteris
1557 2993 1612 3046 ?”
1653 2992 1750 3045 cui
1789 2993 2026 3059 Darius,
2055 3004 2096 3027 “
2123 2998 2234 3053 tihi
2259 3000 2339 3054 ti-

158 3072 423 3139 “mcns,”
464 3076 577 3137 ait,
621 3080 659 3104 ‘⁶
692 3091 769 3128 ne
811 3081 871 3129 te
911 3073 1169 3129 feriam.”
1251 3071 1333 3126 Et
1374 3070 1664 3140 Gobryas,
1708 3074 1748 3100 “
1772 3069 1974 3127 Etiam
2014 3091 2120 3147 per
2161 3076 2339 3132 ambo

161 3151 197 3177 “
218 3151 430 3225 adige,”
460 3151 679 3224 inquit,
710 3158 751 3183 “
784 3151 1080 3207 fertum!”
1125 3151 1238 3207 Cui
1286 3164 1492 3224 parens
1519 3146 1736 3203 Darius
1765 3148 1987 3208 ferrum
2027 3152 2252 3230 adegit,
2279 3164 2342 3211 et

164 3222 293 3284 forte
320 3231 561 3287 fortuna
588 3230 837 3305 Magum
866 3227 1171 3287 transfixit.
1418 3246 1421 3249 ·
2096 3266 2103 3273 ·

222 3310 309 3368 79.
350 3308 663 3383 Interfectis
690 3310 903 3381 Magis,
922 3310 1309 3383 abscissisque
1334 3324 1538 3365 eorum
1557 3306 1876 3383 capitibus,
1903 3309 2022 3366 duo
2049 3312 2340 3370 vulnerati

76 3422 86 3435 .
160 3398 219 3438 ex
260 3388 625 3461 septemviris
674 3388 757 3443 ibi
812 3387 1248 3460 relinquuntur,
1290 3404 1474 3460 quum
1527 3384 1890 3443 infirmitatis
1939 3406 2166 3457 caussa,
2209 3400 2339 3449 tum

159 3464 285 3521 arcis
302 3468 701 3523 custodiendae
724 3482 741 3519 τ
774 3466 981 3540 reliqui
1005 3467 1283 3541 quinque,
1300 3466 1496 3537 capita
1507 3464 1824 3540 Magorum
1847 3476 2162 3542 gestantes,
2181 3472 2350 3527 foras

160 3554 395 3611 currunt,
442 3548 757 3620 ingentem
810 3546 1127 3601 clamorem
1183 3542 1608 3619 strepitumque
1659 3545 1874 3603 cientes
1901 3570 1916 3614 3
1975 3548 2340 3607 convocatis-

160 3633 255 3689 que
282 3622 480 3688 Persis‚
510 3624 653 3697 quid
677 3631 911 3697 gestum
941 3624 1039 3690 sit,
1058 3631 1388 3696 exponunt,
1414 3618 1724 3695 capitaque
1749 3626 2104 3699 ostendunt3
2137 3629 2338 3694 simul,

160 3700 485 3775 quicumque
528 3704 609 3759 eis
650 3704 865 3759 obvius
908 3704 975 3759 fit
1014 3703 1087 3759 de
1125 3702 1447 3777 Magorum
1487 3703 1918 3776 genem-hune
1957 3706 2340 3766 interficiunt.

158 3772 292 3833 Tum
328 3782 531 3847 Persae,
561 3782 807 3855 cognita
846 3782 1163 3857 Magorum
1202 3780 1429 3844 fraude,
1458 3789 1532 3835 et·
1559 3797 1624 3836 re
1661 3798 1698 3836 a
1735 3782 2102 3855 septemviris
2149 3794 2337 3858 gesta,

164 3866 373 3927 aequum
398 3872 457 3917 et
496 3860 607 3933 ipsi
652 3876 933 3917 censuere
976 3861 1139 3933 paria
1174 3860 1403 3928 facere3
1448 3859 1778 3932 strictisque
1818 3862 2030 3937 gladiis
2069 3863 2338 3921 ubicum-

162 3946 257 4001 que
280 3936 524 4013 Magum
566 3938 878 4013 quemdam
910 3939 1289 4006 offenderent,
1324 3940 1480 3995 huuc
1523 3938 1928 3995 trucidarunt:
1975 3958 2060 4005 ae,
2091 3942 2204 3997 nisi
2231 3960 2335 4001 su-

161 4018 475 4080 perveniens
500 4036 619 4073 nox
644 4034 745 4073 eos
770 4018 1144 4082 inhibuisset,
1174 4019 1406 4075 nullum
1434 4013 1692 4090 Magum
1733 4018 2024 4090 reliquum
2052 4030 2218 4077 crant
2245 4024 2335 4079 fa-

165 4092 309 4147 etuti.
384 4096 567 4153 Hune
591 4097 747 4152 diem
778 4095 1012 4169 publice
1036 4097 1243 4153 colunt
1270 4098 1459 4155 Persae
1499 4096 1756 4150 maxime
1779 4096 2008 4153 dierum
2033 4103 2331 4173 omnium,

162 4182 323 4243 eoque
348 4173 437 4232 die
474 4176 685 4252 ingens
718 4175 1017 4235 celebrant
1054 4172 1484 4251 festum,‚qu0d
1509 4172 1922 4249 Magophoaia
1947 4194 1986 4232 a
2011 4176 2200 4237 Persis
2229 4188 2362 4242 5·0-’
