2925 4992
1040 332 1492 397 EU‘PERPE.
2221 362 2228 369 ·
2251 338 2368 399 109

176 495 361 551 ·.130
400 492 521 549 Bos
546 493 665 549 ista
702 508 829 549 non
857 492 967 549 sub
992 500 1149 550 terra
1174 500 1265 551 est
1300 492 1622 560 recondita,
1649 492 1753 551 sed
1797 510 1932 552 mea
1969 492 2166 553 adime
2191 502 2364 553 etate

158 572 216 629 in
242 572 549 647 propatulo
576 579 732 638 erat,
763 572 825 627 in
857 572 956 627 Sai
982 572 1200 646 oppido
1242 573 1306 628 in
1343 569 1524 646 regia
1571 572 1786 645 posita,
1815 573 2074 648 eleganti
2103 576 2171 630 in
2213 592 2362 632 con

160 651 336 707 clavi·
382 656 441 705 et
469 650 737 724 quotidie
755 648 905 724 apud
936 650 1099 707 illam
1121 650 1457 707 suffimenta
1477 647 1761 726 cujusque
1774 652 2004 727 generis
2031 652 2362 719 adolentur,

159 738 211 785 et
246 730 501 803 singulis
546 729 823 784 noctibus
864 742 1092 802 pernox
1138 730 1305 786 ardet
1347 728 1608 785 lucerna.
1692 728 1883 802 Prope
1919 730 2108 796 illam,
2149 731 2208 789 in
2245 732 2366 789 alio

158 809 437 872 conclavi,
490 817 656 861 stant
682 818 841 863 certe
882 808 965 863 ibi
1003 807 1229 882 ligneae·
1254 814 1466 863 statuae
1515 808 1766 883 (colossos
1805 808 2148 865 Herodotus
2191 808 2362 877 dicit)

156 886 337 942 forma
362 885 665 951 muliebri,
694 902 941 942 numero
980 886 1105 941 fere
1146 886 1376 961 viginti.
1410 886 1584 941 nudis
1625 887 1986 975 corporibus.
2065 889 2362 949 Quaenam

156 972 343 1021 autem
366 966 493 1020 ilias
516 963 667 1029 sint,
696 962 885 1020 dicere
908 982 1027 1020 non
1052 970 1317 1037 possum,
1348 964 1459 1019 nisi
1483 980 1615 1049 quoe
1640 964 1963 1022 nni-tantur.

225 1048 357 1098 131.
403 1046 558 1098 Sunt
584 1052 785 1097 autem
826 1042 927 1116 qui
954 1043 1027 1105 de
1052 1042 1203 1099 bove
1229 1042 1333 1098 illa
1358 1051 1417 1098 et
1441 1042 1514 1097 de
1539 1043 1749 1109 statuis
1779 1043 1904 1102 istis
1935 1044 2060 1099 haec
2079 1048 2356 1101 narr-ann

154 1118 523 1195 Mycerinu'm
556 1136 755 1175 amore
784 1118 921 1177 filiae
960 1138 1082 1177 suae
1122 1130 1383 1193 captum,
1412 1121 1536 1175 vim
1563 1122 1616 1177 ei
1643 1122 1948 1192 intulisse;
1992 1138 2176 1197 eoque
2203 1124 2366 1181 facto

154 1200 405 1273 puellam
460 1218 581 1289 prae
622 1196 851 1254 dolore
868 1200 1051 1255 vitam
1084 1199 1305 1254 finiisse
1352 1200 1691 1272 suspendio,
1721 1209 1946 1273 patrem
1977 1218 2114 1257 vero
2155 1203 2218 1259 in
2263 1202 2368 1258 illa

154 1280 295 1333 bove
320 1296 459 1333 eam
468 1279 799 1349 sepelisse,
846 1288 1095 1333 matrem
1124 1266 1319 1333 autem
1344 1277 1609 1344 famulis,
1637 1294 1770 1351 quae
1813 1280 1963 1351 patri
1997 1278 2178 1335 filiam
2219 1297 2360 1354 pro-

153 1358 699 1419 didissent,1nanus
741 1356 1091 1429 praecidisse,
1118 1362 1177 1412 et
1210 1372 1371 1411 nunc
1396 1358 1756 1430 imaginibus
1799 1357 2036 1413 illarum
2081 1358 2236 1415 idem
2265 1376 2366 1417 ac-

152 1436 353 1491 cidisse
381 1434 545 1507 quod
588 1436 729 1507 ipsae
770 1435 915 1489 vivae
961 1452 1147 1509 passae
1172 1444 1385 1491 essent.
1468 1434 1618 1490 Haec
1645 1450 1805 1502 vero,
1831 1443 1903 1491 ut
1939 1435 2086 1491 mihi
2111 1438 2364 1503 videtur,

154 1516 355 1570 dicunt
408 1522 729 1587 nugantes,
757 1516 941 1587 quum
982 1522 1211 1578 caetera,
1240 1521 1373 1569 tum
1410 1512 1524 1568 hoe
1567 1512 1638 1567 de
1685 1514 1962 1587 manibus
1995 1523 2361 1571 statuarum:

152 1594 264 1649 hoc
290 1594 457 1648 enim
486 1610 594 1647 nos
621 1588 797 1648 etiam
822 1591 1097 1659 vidimuS,
1124 1599 1417 1647 vetustate
1456 1592 1739 1663 temporis
1778 1591 2062 1647 decidisse
2089 1592 2206 1667 illis
2231 1610 2364 1651 ma-

154 1688 289 1737 nus,
318 1688 455 1743 quae
482 1672 661 1725 etiam
690 1688 843 1726 nunc
868 1670 935 1724 a'd
962 1672 1135 1743 pedes
1162 1670 1495 1743 imaginum
1516 1666 1779 1745 jacentes
1805 1658 2266 1741 conspiciuntur.

228 1752 363 1805 132.
406 1749 529 1804 Bos
556 1747 753 1804 autem
778 1766 989 1821 corpus
1018 1756 1239 1805 tectum
1264 1746 1445 1819 habet
1471 1764 1766 1819 purpureo
1793 1746 1995 1821 pallio,
2021 1749 2118 1803 sed
2143 1748 2362 1806 collum

146 1836 207 1885 ct
230 1835 417 1901 caput
442 1828 623 1883 denso
646 1827 971 1883 admodum
999 1844 1141 1897 auro
1166 1812 1543 1883 inauratum:
1577 1827 1736 1882 inter
1761 1838 1984 1882 cornua
2001 1828 2222 1883 eminet
2246 1829 2366 1884 cir·-

146 1907 267 1963 culi
292 1906 435 1963 solis
464 1922 643 1961 aurea
668 1903 885 1979 imago
966 1906 1105 1961 Non
1146 1904 1265 1961 stat
1308 1906 1464 1961 recta
1509 1905 1634 1971 bos,
1666 1906 1766 1963 sed
1806 1902 2082 1980 genubus
2122 1903 2361 1963 incum-

148 1985 333 2042 bens.
394 1984 743 2058 magnitudo
786 1990 1009 2055 quanta
1060 1984 1297 2058 magnae
1339 1984 1504 2038 bovis
1549 1984 1714 2039 vivae.
1793 1984 2126 2046 Quotannis
2177 1985 2364 2043 semel

146 2073 313 2122 extra
353 2064 632 2118 conclave
675 2062 924 2118 effertur.
1002 2062 1257 2127 Quando
1298 2061 1592 2135 plangunt
1634 2062 1907 2137 AEgyptii
1951 2064 2128 2119 deum
2167 2064 2361 2130 illum,

144 2140 317 2215 cujus
360 2156 581 2197 nomen
612 2142 674 2195 in
704 2140 809 2197 tali
854 2158 917 2196 re
963 2132 1132 2197 edere
1172 2139 1323 2205 mihi
1360 2140 1528 2196 nefas
1565 2148 1676 2204 est,-
1701 2149 1834 2197 tum
1877 2142 2091 2198 bovem
2119 2142 2314 2199 hanc
2299 2160 2364 2199 ιιι

144 2223 343 2279 lucem
392 2219 737 2305 proferunt·
793 2218 1001 2275 dicunt
1044 2220 1221 2282 enim,
1260 2220 1610 2276 morientem
1661 2219 1846 2276 filiam
1893 2236 2090 2276 orasse
2131 2228 2362 2295 patrem

142 2299 547 2375 Mycerinum,
570 2298 641 2353 u't
666 2298 890 2354 semel·
872 2314 935 2353 ιιι
964 2315 1118 2365 anno
1143 2298 1329 2354 solem
1356 2298 1650 2380 adspicere
1675 2298 1787 2354 sibi
1811 2298 2004 2353 liceat.

226 2384 363 2436 133.
406 2376 553 2432 Post
590 2375 727 2432 filiae
766 2386 1017 2432 mortem
1048 2360 1341 2441 accidisse,
1374 2368 1709 2442 nairrarunt,
1741 2376 1932 2432 eidem
1959 2378 2087 2451 regi
2113 2376 2359 2436 alteram

141 2454 557 2515 calamitatem
577 2456 762 2511 hanc:
808 2455 1027 2511 oraculi
1056 2454 1295 2511 effatum
1320 2472 1395 2511 ex
1394 2454 1630 2527 oppido
1650 2417 1810 2511 B’uto
1839 2452 1892 2509 ei
1919 2472 2044 2511 esse
2071 2455 2359 2525 adlatum,

166 2535 461 2594 ‘nonnisi
503 2550 607 2591 sex
648 2532 837 2589 adbuc
876 2534 1061 2590 annos
1088 2534 1384 2589 victurum
1432 2534 1629 2600 illum,
1659 2534 1916 2606 septimo
1941 2534 2124 2589 vitam
2153 2533 2359 2592 finitu-

142 2622 185 2648 “
218 2618 415 2672 rum.'’
499 2612 659 2668 Tum
684 2612 875 2680 illum,
903 2612 1207 2687 aegerrime
1234 2614 1345 2667 hoc
1364 2612 1671 2677 ferentem,
1699 2612 1932 2669 misisse
1959 2606 2031 2669 ad
2057 2614 2362 2684 oraculum

142 2696 247 2769 qui
276 2692 723 2750 contumeliosis
762 2692 955 2747 verbis
980 2691 1093 2746 deo
1116 2691 1562 2764 exprobrarent,
1605 2690 1766 2765 quod
1809 2696 1854 2723 “
1884 2698 2052 2764 pater
2089 2692 2274 2767 ipsius
2299 2700 2364 2751 et

142 2779 185 2805 “
216 2780 496 2848 patruus,
546 2770 647 2843 qui
688 2771 911 2843 templa
956 2770 1317 2834 clausissent,
1346 2769 1604 2842 deosque
1649 2786 1770 2825 non
1815 2772 2138 2838 curassent,
2183 2778 2362 2845 atque

142 2858 181 2884 “
212 2852 400 2908 etiam
447 2850 720 2905 homines
766 2848 1176 2921 perdidissent,
1198 2856 1396 2903 tamen
1424 2865 1582 2904 seros
1626 2848 1687 2903 in
1727 2852 1932 2903 annos'
1945 2849 2360 2921 produxissent

162 2931 442 2998 ‘vitam3
477 2928 603 3001 ipse
628 2928 845 2993 autem,
876 2928 977 3002 qui
1002 2927 1139 2983 deos
1162 2927 1334 2992 colat,
1355 2934 1480 2982 tam
1500 2927 1618 2983 cito
1642 2928 1826 2983 vitam
1849 2935 2018 2984 esset·
2010 2928 2321 2986 finiturus.
2323 2932 2360 2953 ”

138 3006 331 3119 Super
356 3008 487 3064 haec
506 3007 769 3062 alterum
810 3006 864 3062 ei
906 3022 1253 3078 responsum
1300 3006 1375 3061 ab
1418 3004 1656 3061 oraculo
1697 3020 1822 3060 esse
1862 3004 2127 3061 editum.
2177 3008 2362 3063 “hac

162 3090 363 3162 ‘ipsa
376 3102 587 3143 caussa
604 3102 856 3159 propere
894 3084 1201 3141 finiturum
1238 3084 1444 3150 vitam,
1473 3082 1631 3157 quod
1677 3101 1766 3149 ea,
1793 3100 1927 3157 quae
1945 3080 2021 3138 in
2049 3084 2186 3141 fatis
2208 3084 2366 3141 fuis-

139 3167 181 3201 “
212 3172 378 3233 sent,
410 3180 532 3221 non
580 3163 830 3221 fecisset.
874 3163 1201 3220 Debuisse
1242 3162 1401 3218 enim
1425 3126 1760 3238 ’Aigyptur'n
1799 3162 1974 3221 malis
2011 3162 2213 3218 vexari
2255 3180 2364 3237 per

161 3252 405 3302 ‘annos
432 3250 673 3299 centum
698 3248 757 3298 et
784 3242 1249 3318 quinquaginta·
1295 3248 1355 3297 et
1380 3240 1500 3309 duo
1527 3258 1712 3315 reges,
1742 3241 1842 3315 qui
1871 3240 2068 3314 ipsum
2095 3246 2356 3299 anteces-

162 3324 432 3389 ‘serint,
460 3323 573 3378 hoc
601 3322 979 3387 intellexisse,
1009 3322 1198 3395 ipsum
1230 3336 1373 3376 vero
1395 3338 1515 3377 non
1539 3320 1950 3377 intellexisse.n
1997 3320 2114 3377 His
2139 3322 2358 3380 auditis

134 3403 543 3479 Mycerinum,
572 3418 757 3473 quum
784 3402 1137 3457 sententiam
1164 3407 1370 3455 contra
1402 3416 1465 3456 se
1498 3396 1626 3469 jani
1653 3398 2104 3473 pronunciatam
2131 3410 2360 3476 cogno-

142 3484 353 3549 visset,
392 3480 618 3535 multas
660 3479 848 3554 parari
884 3476 1131 3550 jussisse
1176 3479 1460 3545 lucernaS,
1479 3479 1710 3551 eisque
1722 3478 1996 3552 quotidie
2043 3479 2358 3554 ingruente

136 3570 321 3619 nocte
348 3559 618 3615 accensis
642 3566 895 3632 potasse,
928 3558 1470 3631 voluptatibusque,
1501 3556 1622 3611 ne'c'
1635 3557 1740 3613 die
1779 3575 1888 3613 nec
1913 3564 2090 3614 nocte
2115 3558 2240 3615 ulla
2265 3559 2358 3615 in-

136 3639 440 3704 ten-missa,-
488 3636 823 3704 indulsisse,
852 3655 957 3711 per
1000 3640 1229 3693 arnoena
1253 3635 1550 3691 inferioris
1572 3627 1823 3710 AEgypti
1863 3636 1994 3692 loca
2033 3644 2208 3710 atque
2247 3654 2361 3693 ne-

136 3736 317 3776 mora
341 3723 689 3793 vagantem,
720 3716 1077 3789 ubicumque
1116 3720 1429 3801 cognosset
1474 3714 1804 3787 voluptaria·
1843 3731 1968 3773 esse
2011 3715 2358 3772 diverticula

138 3796 473 3874 aptissima.
556 3795 625 3851 ld
678 3812 749 3851 eo
800 3794 1043 3852 consilio
1094 3810 1221 3850 esse
1262 3793 1559 3855 molitum,
1597 3809 1714 3865 quo
1755 3792 2048 3849 mendacii
2088 3802 2360 3867 argueret

139 3876 481 3942 oraculum,
512 3876 722 3949 quum,
750 3874 883 3931 loeo
910 3890 1013 3931 sex
1044 3890 1355 3949 annorum,
1384 3871 1695 3928 duodecim
1734 3872 1847 3985 sibi
1887 3870 2098 3946 reliqui
2137 3876 2354 3938 essent,

140 3954 468 4013 noctibus
450 3972 515 4010 ιιι
538 3954 664 4010 dies
690 3954 1007 4009 conversis.

220 4040 359 4091 134.
400 4030 574 4089 Idem
599 4030 941 4107 Mycerinus
984 4031 1350 4117 pyramidem
1391 4032 1568 4087 etiam
1613 3978 1869 4104 reliquit,
1899 4026 2090 4084 multo
2109 4027 2354 4104 quidem

134 4115 435 4171 minorem
462 4128 540 4167 ea·
562 4126 742 4183 quam
784 4114 950 4184 pater
986 4110 1379 4175 exstruxerat,
1422 4125 1778 4184 unoquoque
1817 4114 2070 4179 quatuor
2101 4106 2354 4165 laterum

138 4192 426 4251 ducentos
453 4188 767 4266 octoginta
791 4188 967 4265 pedes
988 4189 1300 4247 metiente.
1340 4206 1532 4264 usque
1551 4188 1622 4247 ad
1649 4186 1952 4247 dimidiam
1979 4186 2356 4245 altitudinem
