2925 4992
552 320 667 381 ιοι
1068 406 1085 417 ⁴
1143 302 1643 378 naasson
1696 301 2059 377 maron.
2097 306 2182 376 11.

547 496 681 538 rum
733 481 1041 553 poetarum
1080 475 1399 534 run-rationi
1440 476 1584 533 fides
1625 474 1926 551 habenda)
1967 476 2088 533 duo
2128 480 2232 533 aut
2273 470 2392 535 tres
2427 483 2532 535 aut
2565 475 2762 545 'etiam

546 559 746 633 plures
779 554 1223 626 occubuerunt3
1272 555 1363 611 his
1398 555 1482 613 ita
1511 556 1884 628 comparatis,
1909 562 2056 630 puto
2093 555 2390 633 equidem,
2417 555 2470 614 ai
2494 556 2592 613 vel
2627 559 2761 632 ipse

546 636 821 695 Priamus
846 634 1143 696 Helenam
1172 634 1433 691 duxisset
1466 651 1732 702 uxorem,
1763 635 2130 696 redditurum
2155 652 2288 691 eam
2321 634 2505 692 fnisse
2531 634 2764 693 Graecis

546 716 661 773 hac
684 714 1045 780 conditione,
1070 720 1141 770 ut
1167 714 1554 787 praesentibus
1581 714 1756 769 malis·
1781 712 2151 771 liberaretura
2191 714 2370 769 Porro
2399 732 2472 770 ne
2497 730 2762 789 regnum

546 790 789 869 quidem
814 792 889 848 ad
911 791 1309 850 Alexandrum
1336 801 1459 849 erat
1497 791 1837 858 rediturum,
1861 801 1952 859 ut,
1981 809 2166 868 quum
2189 802 2376 849 senen
2409 804 2564 849 esset
2591 793 2762 849 Pria-

546 889 704 939 mus,
732 886 925 929 rerum
952 886 1187 928 summa
1210 878 1391 945 penes
1416 870 1591 927 illum·
1613 869 1792 927 fuerit
1811 885 1832 927 θ
1873 872 1974 929 sed
2001 871 2246 940 Hector,
2271 878 2332 927 et
2357 880 2534 931 atate
2560 868 2766 942 major

546 958 609 1008 et
633 951 811 1025 longe
849 950 953 1007 illo
981 950 1067 1005 vir
1092 950 1319 1015 fortior,
1350 951 1411 1005 in
1452 966 1704 1025 regnum
1744 958 1980 1007 mortuo
2006 950 2246 1006 Priamo
2279 959 2406 1009 erat
2443 966 2760 1009 successu-

546 1042 685 1100 Νη
728 1044 907 1103 quem
932 1046 1053 1085 non
1076 1036 1165 1085 est
1190 1036 1650 1085 consentaneum
1690 1026 2000 1105 indulgere
2021 1028 2280 1087 voluisse
2321 1028 2490 1085 fratri
2529 1024 2764 1099 injuste

546 1104 771 1184 agenti,
796 1124 983 1181 quum
1026 1107 1351 1180 praesertim
1388 1106 1550 1163 illius
1579 1123 1786 1163 caussa
1817 1108 2169 1183 gravissima
2205 1106 2365 1163 mala
2389 1116 2448 1163 et
2472 1108 2764 1181 privatim
2827 1119 2834 1127 ‘

543 1186 763 1261 ipsum,
790 1194 851 1243 et
876 1185 1113 1259 publice
1136 1181 1427 1255 Trojanos
1454 1204 1663 1243 omnes
1681 1194 2028 1261 premerent.
2105 1185 2218 1243 Sed
2241 1186 2398 1243 enim
2423 1204 2550 1241 non
2575 1194 2762 1259 potu-

546 1272 719 1323 etant
742 1264 833 1321 illi
862 1264 1151 1321 Helenam
1188 1265 1445 1331 reddere,
1475 1272 1536 1321 et
1565 1280 1705 1321 vera
1743 1265 2074 1321 dicentibus
2113 1265 2292 1321 fidem
2336 1282 2460 1321 non
2502 1262 2762 1323 adhibu-

546 1350 711 1401 erant
736 1343 965 1400 Graeei:
1008 1344 1187 1420 idque
1216 1346 1311 1419 (ut
1348 1344 1540 1399 dicam
1567 1344 1726 1416 quod
1767 1345 1986 1417 sentio)
2016 1344 2240 1400 factum
2279 1351 2372 1399 est
2409 1344 2608 1400 divino
2641 1362 2762 1401 nu·

545 1423 719 1481 mine
738 1422 825 1479 ita
848 1422 1209 1488 moderante,
1238 1430 1305 1478 ut
1338 1422 1447 1487 illi,
1475 1422 1872 1481 internecione
1913 1431 2246 1497 pereuntes,
2271 1429 2552 1479 testatum
2591 1421 2762 1480 faee-

544 1508 681 1561 rent
724 1501 1085 1568 hominibus,
1115 1518 1327 1576 graves
1366 1494 1608 1571 iniurias
1646 1502 1926 1576 gravibus
1965 1502 2144 1558 etiam
2183 1502 2372 1576 poenis
2415 1501 2700 1559 vindicari
2723 1520 2764 1559 a

546 1580 684 1637 diis.-
726 1616 733 1623 -
760 1580 873 1636 Sed
902 1580 1027 1637 baec
1050 1580 1292 1654 quidem
1320 1598 1429 1653 pro
1450 1596 1586 1636 mea
1609 1580 1733 1635 dixi
1759 1581 2052 1654 opinione.

632 1662 767 1717 121.
822 1659 1037 1716 Proteo
1086 1660 1152 1717 in
1206 1676 1387 1735 regno
1440 1656 1785 1715 successisse
1859 1668 2260 1717 memorarunt
2304 1660 2721 1733 Rampsinitum
2738 1682 2762 1717 .-

546 1738 652 1813 qui
675 1747 1075 1795 monumenta
1106 1738 1201 1794 sui
1240 1738 1476 1812 reliquit
1514 1737 1812 1812 propylaea
1855 1740 2060 1811 templi
2085 1740 2353 1806 Vulcani,
2381 1739 2762 1814 occidentem

546 1817 892 1891 spectantia.
970 1816 1065 1873 Ex
1087 1818 1333 1873 adverso
1360 1824 1498 1872 vero
1539 1816 1967 1891 propyloe‘orum
1997 1818 2142 1875 duas
2170 1820 2367 1893 posuit
2391 1825 2640 1885 statuas,-
2668 1819 2763 1875 vi·

546 1896 702 1973 giuti
738 1896 1001 1969 quinque
1029 1891 1365 1963 cubitorum
1412 1896 1870 1969 magnitudine:
1909 1914 2160 1969 quarum
2203 1897 2386 1964 illam,
2415 1912 2546 1971 quae
2573 1902 2698 1953 stat
2723 1916 2765 1953 a

548 1974 971 2047 septentrione,-
989 1966 1265 2031 AEstatem
1290 1974 1590 2048 adpellant
1614 1974 1922 2048 AEgyptii3
1957 1976 2226 2044 alteram,
2255 1994 2386 2050 quae
2413 1994 2450 2031 a
2485 1975 2764 2043 meridie,

454 2090 459 2095 -
547 2054 801 2112 Hiemem
816 2065 841 2107 εἰ
876 2059 939 2108 et
962 2052 1126 2109 illam
1152 2052 1409 2127 quidem,
1438 2068 1619 2127 quam
1647 2050 1923 2110 AEetatem
1963 2063 2202 2121 vocant,
2251 2056 2498 2111 adorant
2547 2060 2610 2109 et
2649 2054 2764 2111 do-

546 2132 663 2225 nis·
684 2131 953 2205 placant3
998 2130 1277 2187 adversus
1320 2130 1512 2198 illam,
1555 2146 1688 2204 quae
1729 2132 1922 2189 Hiems
1964 2136 2330 2201 nominatur,
2389 2131 2762 2191 eontrarium

548 2210 855 2357 ἡῗξῗξι.
882 2287 1067 2345 Hunc
1093 2304 1317 2365 regem,-
1340 2288 1634 2356 dixerunt,
1663 2298 1856 2348 tantas
1873 2308 2014 2365 opes
2033 2292 2377 2366 possedisse,
2399 2297 2760 2367 tantamque

440 2410 444 2417 .
545 2368 671 2425 vim
698 2368 955 2445 argenti,
984 2375 1054 2425 ut
1078 2369 1470 2443 posteriorum
1507 2387 1718 2444 regum
1761 2370 1982 2437 nulluS,
2005 2388 2128 2427 non
2151 2370 2282 2427 dico
2309 2386 2584 2443 superare
2610 2388 2762 2429 eum

546 2442 757 2523 opibus
783 2447 1063 2522 potuerit,
1094 2447 1194 2503 sed
1220 2462 1295 2503 ne
1328 2464 1510 2521 prope
1549 2449 1786 2523 quidem
1827 2450 2114 2507 accedere.
2193 2450 2390 2524 Igitur
2413 2450 2474 2505 in
2499 2456 2632 2506 tuto
2661 2468 2764 2507 re·

423 2545 437 2553 ·
543 2544 765 2602 ponere
788 2542 921 2583 suas
946 2523 1227 2599 pecunias
1244 2528 1605 2599 cupientem,
1633 2529 1914 2585 conclave
1929 2528 2332 2585 aedificandum
2353 2544 2585 2585 curasse
2601 2528 2766 2603 lapi-

542 2606 736 2663 deam.
816 2600 1000 2674 Cujus
1028 2604 1259 2663 aedificii
1284 2621 1471 2679 quum
1497 2622 1652 2663 unus
1693 2608 1882 2681 paries
1905 2615 2234 2664 extrorsum
2275 2616 2580 2680 spectaret,
2610 2624 2762 2665 eum

544 2685 643 2743 eui
665 2682 1022 2741 'mandatum
1048 2698 1198 2759 opus
1214 2692 1358 2751 erat,
1388 2687 1652 2759 pecuniae
1677 2686 2078 2754 insidiantem,
2100 2688 2278 2743 hocce
2297 2702 2422 2741 esse
2450 2686 2764 2743 machina-

546 2771 675 2820 tum
694 2776 715 2819 ε
730 2778 831 2819 “ex
854 2762 1148 2835 lapidibus
1172 2780 1363 2821 unum
1390 2765 1476 2821 ita
1501 2782 1756 2837 parasse,
1779 2771 1848 2821 ut
1877 2782 1910 2821 e
1936 2784 2110 2821 muro
2137 2764 2310 2821 facile
2335 2764 2508 2823 eximi
2557 2772 2766 2839 posset

544 2860 583 2897 a
604 2840 841 2898 duobus
866 2847 968 2897 aut
992 2842 1173 2899 etiam
1213 2842 1288 2899 ab
1322 2860 1443 2899 uno
1481 2844 1741 2903 homine.
1819 2844 2108 2901 Absoluto
2147 2844 2414 2910 aedificio,
2443 2862 2650 2919 regem
2691 2845 2764 2901 in

545 2919 651 2978 illo
676 2918 911 2977 divitias
951 2936 1089 2977 suas
1114 2920 1470 2995 deposuisse.
1551 2918 1864 2995 Interjecto
1903 2930 2104 2979 autem
2143 2932 2432 2996 tempore,
2463 2940 2656 2997 quum
2681 2920 2762 2992 is,

546 3000 648 3073 qui
674 2999 958 3056 conclave
984 2998 1131 3055 illud
1163 3000 1568 3069 aedificaverat,
1595 3018 1778 3077 prope
1802 3002 1942 3058 vitoe
1965 3001 2146 3059 finem
2179 3010 2349 3067 esset,
2379 3001 2540 3057 hunc
2565 3004 2760 3059 advo-

544 3078 691 3135 catis
716 3077 789 3134 ad
816 3095 881 3135 se
903 3078 1155 3145 duobus,
1174 3080 1277 3153 qui
1303 3076 1358 3135 ei
1384 3088 1574 3147 erant,
1593 3081 1730 3137 filiis
1753 3080 2112 3155 exposuisse,
2129 3080 2192 3137 in
2225 3080 2570 3136 aedificando
2595 3083 2764 3157 regis

543 3156 817 3214 thesauro
840 3174 1020 3214 usum
1048 3174 1109 3213 se
1134 3174 1261 3214 esse
1286 3159 1557 3226 artificio,
1585 3176 1704 3234 quo
1743 3162 2140 3234 prospexisset
2165 3168 2234 3215 ut
2261 3159 2610 3233 opulentam
2647 3162 2760 3217 ha-

546 3235 753 3292 berent
778 3252 902 3292 rem
944 3236 1314 3293 familiarem.
1394 3238 1708 3310 Perspicua
1745 3239 1928 3313 igitur
1964 3239 2099 3294 illos
2127 3238 2390 3295 docuisse
2415 3256 2536 3313 quo
2577 3248 2762 3310 pacto

544 3314 725 3371 eximi
748 3312 899 3385 lapis
926 3320 1147 3387 posset,
1176 3322 1237 3371 et
1260 3332 1568 3375 mensuras
1591 3316 2054 3389 illis'jtradidisse,
2073 3334 2218 3391 quas
2243 3317 2294 3372 si
2321 3316 2762 3386 observassent,

543 3392 777 3448 futuros
803 3408 906 3447 eos
932 3392 1129 3449 aiebat
1154 3410 1279 3451 esse
1320 3396 1616 3471 regiarum
1647 3414 1832 3470 opum
1859 3396 2306 3470 dispensatores.
2391 3395 2532 3452 Hoc
2567 3396 2764 3471 igitur

542 3470 667 3527 vita
690 3468 916 3537 functo,
944 3470 1095 3528 filios
1134 3472 1294 3529 haud
1335 3474 1530 3532 multo
1567 3482 1702 3548 post
1727 3478 1890 3549 operi
1924 3475 2250 3531 admovisse
2275 3492 2526 3530 manus:
2556 3466 2762 3533 'noctu

542 3550 618 3607 ad
662 3548 891 3626 regiam
926 3550 1307 3619 accedentes,
1348 3552 1608 3628 lapidem
1648 3555 1712 3609 in
1756 3554 2000 3611 aediflcio
2049 3573 2084 3610 a
2127 3570 2190 3609 se
2233 3552 2551 3611 inventum
2589 3555 2762 3611 facili

541 3641 722 3703 opera
744 3634 1041 3696 tractasse,
1068 3631 1443 3705 multumque
1471 3634 1738 3707 pecuniae
1765 3634 2064 3691 extulisse.

626 3709 765 3775 121,
806 3709 862 3763 2.
902 3708 1107 3769 Quum
1158 3708 1309 3767 forte
1363 3712 1498 3768 dein
1546 3712 1826 3769 conclave
1873 3730 1977 3769 rex
2025 3713 2366 3785 aperuisset,
2407 3712 2761 3790 videretque

542 3785 865 3845 diminutas
890 3785 956 3841 in
983 3788 1137 3845 vasis
1176 3790 1477 3864 pecunias,
1507 3792 1785 3847 miratum
1811 3808 1936 3847 esse
1957 3815 1974 3861 3
2023 3808 2137 3847 nec
2169 3808 2308 3848 vero
2333 3808 2512 3864 quem
2549 3794 2762 3868 culpa-

544 3872 631 3921 ret
659 3863 953 3932 habuisse,
982 3884 1169 3940 quum
1197 3866 1393 3943 sigilla
1415 3864 1619 3939 januae
1647 3870 1808 3926 salva
1846 3868 2121 3935 fuissent,
2145 3876 2204 3926 et
2231 3871 2548 3927 aedificium
2589 3874 2762 3928 clau-

544 3958 699 4000 sum.
779 3942 898 4001 Ubi
926 3954 1129 4002 autem
1156 3946 1370 4002 iterum
1398 3955 1458 4004 et
1483 3948 1656 4005 tertio
1683 3947 1970 4023 aperiens,
2003 3956 2344 4005 constanter
2383 3949 2580 4005 minui
2609 3952 2766 4009 vidit

544 4020 847 4095 pecunias,
880 4024 1013 4097 (nec
1030 4024 1197 4081 sni'm
1224 4026 1476 4101 spoliare
1501 4027 1744 4085 desiisse
1767 4026 1954 4096 fures)
1981 4030 2162 4085 hocce
2197 4044 2336 4085 eum
2371 4028 2584 4085 fecisse
2593 4047 2623 4084 -ε
2667 4031 2764 4086 la-

542 4114 727 4175 queos
748 4100 961 4157 confici
977 4096 1245 4172 jussisse,
1268 4120 1488 4179 eosque
1512 4106 1666 4162 circa
1689 4122 1851 4174 vasa,
1877 4107 1940 4161 in
1967 4106 2186 4181 quibus
2209 4106 2445 4163 inerant
2465 4110 2764 4181 pecuniae,

543 4178 835 4237 collocari.
914 4176 1253 4242 ventitans
1290 4183 1455 4252 dein,
1491 4190 1564 4255 ut
1605 4192 1799 4255 antea,
1837 4184 1996 4244 fures
2017 4201 2038 4243 a
2077 4202 2334 4261 quorum
2377 4202 2570 4260 quum
2617 4188 2772 4246 irre·-
