2925 4992
1052 312 1429 377 THALJA.
2231 316 2348 378 14³

160 471 333 547 petiit,
356 476 447 535 ut
450 472 557 547 qui
584 472 907 566 principuus
934 474 1315 547 praesentium
1342 490 1540 533 rerum
1559 479 1768 533 auctor
1793 470 2038 531 fuisset.
2081 470 2354 548 cepitque

161 550 525 625 Epidaurum,
552 561 610 609 et
636 552 833 627 ipsum
860 550 1157 618 Proclem,
1186 570 1441 628 eumque
1469 548 1670 611 vivum
1695 553 1758 609 in
1783 550 2052 611 custodia
2077 552 2288 611 tenuit.

228 635 313 687 53.
352 630 705 689 Procedente
731 640 1017 704 tempore,
1048 642 1359 719 postquam
1380 631 1696 689 consenuit
1715 630 2046 697 Periander,
2077 631 2348 689 animad-

158 709 423 782 vertitque
452 728 575 767 non
598 726 771 784 posse
798 728 861 767 se
888 707 1143 784 amplius
1186 728 1277 767 res
1316 728 1452 767 suas
1497 710 1775 785 inspicere
1817 718 1878 766 ct
1915 708 2348 777 administrare,

162 786 443 864 Corcyram
474 790 663 855 misit,
706 798 767 845 et
806 788 1257 863 Lycophronem
1298 790 1373 847 ad
1412 788 1850 862 suscipiendum
1883 806 2132 863 regnum
2174 805 2356 851 vocaq

156 865 263 937 vit3
306 884 443 923 nam
485 871 775 937 majorem
824 876 967 923 natu
1011 865 1249 923 videbat
1294 884 1415 924 non
1458 884 1586 925 esse
1629 866 1934 931 idoneum,
1978 867 2198 941 quippe
2247 866 2352 942 qui

158 945 443 1003 manifeste
491 946 793 1004 hebetiore
834 955 987 1003 esset
1035 946 1295 1021 ingenio.
1380 947 1455 1003 At
1493 944 1850 1021 Lycophron
1893 947 2218 1012 hominem,
2245 946 2360 1021 qui

160 1023 203 1079 ei
224 1024 367 1081 hunc
394 1026 699 1081 nuncium
710 1024 1032 1087 adferebat,
1064 1024 1231 1081 nulla
1260 1042 1339 1081 ne
1381 1024 1848 1099 interrogatione
1873 1025 2110 1097 quidem
2141 1025 2350 1102 dignu-

159 1108 239 1157 tus
262 1110 359 1159 est.
436 1104 599 1159 'lum
634 1100 962 1169 Periander,
990 1102 1089 1161 eui
1112 1120 1271 1159 curae
1296 1114 1420 1159 erat
1460 1103 1826 1169 adolescens,
1863 1103 2078 1159 iterum
2106 1104 2178 1160 ad
2207 1120 2348 1163 eum

158 1180 297 1236 misit
318 1198 605 1247 sororem,
636 1182 821 1239 filiam
846 1194 1039 1245 suam,
1065 1188 1225 1237 ratus
1256 1182 1394 1238 huic
1421 1181 1594 1239 illum
1623 1182 1881 1239 maxime
1907 1180 2352 1241 obsecuturum.

159 1258 289 1319 Quoe
328 1277 513 1333 quum
576 1261 931 1327 advenisset,
984 1259 1377 1334 dixissetque:
1453 1260 1763 1326 “Vis-ne,
1819 1260 1919 1324 tili,
1972 1260 2224 1319 aliorum
2289 1262 2356 1319 in

160 1344 195 1367 “
221 1354 415 1397 manus
444 1341 649 1396 venire
680 1352 957 1413 regnum,
978 1347 1039 1395 et
1066 1337 1308 1408 dissolvi
1334 1340 1580 1395 domum
1604 1340 1781 1411 patris
1809 1339 1897 1395 tui
1925 1339 2140 1411 potius,
2167 1355 2350 1412 quam

158 1420 194 1446 ‘⁸
217 1424 281 1473 ut
300 1418 421 1510 ipse
445 1420 647 1484 abeaS,
676 1426 855 1492 atque
878 1418 1003 1473 haec
1024 1428 1261 1475 teneas.
1244 1420 1265 1459 θ
1322 1416 1435 1475 Abi
1456 1418 1730 1483 domum,
1753 1426 1815 1473 et
1839 1420 2043 1475 desine
2069 1425 2128 1475 te
2152 1417 2352 1491 ipsum

155 1497 419 1603 :punire
502 1498 757 1554 Sinistra
784 1513 875 1553 res
904 1503 997 1553 est
1026 1492 1387 1552 obstinatio·
1432 1514 1504 1551 ne
1532 1496 1757 1551 malum
1799 1495 1960 1553 malo
2000 1514 2040 1551 s
2051 1513 2210 1554 nare
2249 1514 2354 1553 co-

155 1574 376 1631 “neris
452 1576 647 1633 Multi
675 1582 1031 1649 ιιι-(8110111101
1054 1574 1411 1643 justioribus
1454 1573 1716 1646 aequiorn
1749 1573 2123 1648 lenioraque.
2179 1575 2360 1637 multi.

160 1646 329 1723 “jam
356 1655 519 1719 item,
538 1664 829 1719 materna
852 1659 1207 1727 quaerentes,
1244 1662 1494 1725 paterna
1511 1652 1906 1739 perdiderunt.-
1983 1652 2240 1715 Lubrica
2263 1671 2356 1717 rea

159 1734 194 1762 “
218 1748 453 1821 regnum
482 1748 615 1801 est;
660 1732 891 1789 multos
910 1742 1107 1790 tamen
1145 1730 1323 1789 habet
1364 1739 1666 1787 amatores
1753 1726 2008 1799 mejam
2039 1749 2218 1789 senex
2241 1740 2354 1799 est,

158 1814 269 1866 “et
289 1806 550 1887 vigorem
584 1812 775 1869 aetatis
810 1818 1299 1886 praetergressus·
1345 1827 1425 1871 118
1458 1808 1612 1865 bona
1637 1821 1738 1865 tua
1763 1808 1894 1865 aliis
1924 1807 2352 1871 tra‹1as.’¹Sio

157 1884 253 1954 1118,
278 1906 313 1943 a
337 1901 498 1962 patre
546 1891 785 1954 edocta,
814 1890 907 1945 his
934 1888 1007 1945 ad
1036 1888 1502 1980 persuadendum
1535 1888 1794 1945 maxime
1837 1887 2064 1945 idoneis
2109 1889 2352 1947 fratrem

158 1973 233 2023 est
252 1967 533 2027 adlocuta.
616 1970 695 2027 At
724 1968 849 2037 ille,
882 1984 1247 2040 nequaquam,
1290 1968 1395 2035 ait,
1436 1966 1760 2023 Corinthum
1794 1984 1852 2023 se
1895 1985 2005 2025 8388
2043 1975 2355 2037 venturum,

160 2048 385 2115 quamdiu
426 2055 649 2120 patrem
692 2064 967 2120 superesse
1010 2048 1351 2137 cognovisset.
1430 2046 1584 2107 Quae
1626 2052 1940 2119 postquam
1985 2047 2090 2103 1118
2131 2064 2356 2113 renun-

159 2123 327 2191 ciavit,
353 2128 527 2186 tertio
556 2126 879 2186 Periander
901 2140 1235 2199 praeconem
1263 2124 1447 2190 misit,
1471 2125 1576 2197 qui
1603 2126 1842 2190 diceret,
1862 2126 2034 2197 ipsum
2063 2128 2120 2181 iu
2151 2125 2356 2200 Corcy-

159 2219 261 2259 ram
282 2214 591 2272 venturum,
618 2206 775 2261 illum
800 2210 986 2261 autem
1016 2202 1335 2259 Corinthum
1370 2203 1524 2259 abire
1559 2198 1798 2273 juberet
1819 2203 1892 2257 ad
1915 2221 2136 2276 regnum
2165 2223 2354 2277 capes·

160 2282 367 2339 1811118111.
445 2285 651 2347 Quam
698 2285 759 2339 in
788 2278 1185 2339 conditionem
1216 2298 1405 2355 quum
1426 2282 1821 2339 consensisset
1847 2280 2204 2347 adolescens,
2245 2280 2354 2341 Pe-

156 2360 355 2419 riander
380 2364 629 2437 parabat
658 2363 975 2437 Corcyram
1008 2360 1320 2449 proficisci,
1358 2367 1415 2417 et
1443 2360 1602 2417 filius
1643 2358 2021 2417 Corinthum.
2097 2362 2176 2419 At
2204 2366 2358 2419 Cor-

158 2441 323 2513 cyraei,
362 2441 451 2498 his
481 2442 662 2499 rebus
690 2441 965 2498 omnibus
990 2434 1267 2514 cognitis,
1314 2456 1387 2495 ne
1414 2438 1476 2495 in
1505 2446 1720 2495 terram
1749 2439 2012 2511 ipsorum
2043 2438 2356 2502 Periander

158 2519 376 2585 veniret,
428 2520 859 2587 interfecerunt
900 2514 1203 2589 juvenem.
1282 2516 1461 2575 Hanc
1509 2517 1697 2592 igitur
1733 2520 1812 2573 ob
1835 2532 2076 2575 causam
2099 2518 2174 2575 de
2201 2518 2352 2577 Cor-

158 2599 332 2669 cyraeis
357 2599 649 2659 ultionem
679 2598 994 2655 Periander
1020 2604 1269 2670 ceperat.

224 2677 311 2733 54.
333 2676 469 2735 Jam
486 2677 953 2744 Lacedaemonii,
970 2692 1192 2750 magna
1210 2693 1347 2731 cum
1372 2676 1558 2731 classe
1583 2676 1824 2735 Samum
1850 2677 2124 2752 profecti,
2141 2678 2352 2737 urbem

159 2764 582 2845 oppugnarunt.
662 2756 741 2813 Et
780 2772 1023 2813 murum
1066 2754 1349 2829 adgressi,
1393 2755 1602 2821 turrim
1643 2756 1704 2811 in
1727 2756 2022 2821 ⁴suburbio
2061 2758 2212 2817 mari
2235 2754 2358 2823 im·-

158 2832 458 2893 minentem
492 2831 627 2907 jam
670 2832 1175 2900 transcenderant,
1217 2849 1426 2906 quum,
1460 2843 1834 2903 succurrente
1878 2836 2006 2927 ipso
2053 2835 2359 2910 Paedycratc

158 2926 353 2985 magna
374 2932 541 2973 cum
551 2930 753 2979 manu,
780 2912 999 2986 repulsi
1025 2921 1183 2968 sunt.
1262 2911 1453 2967 Simul
1484 2930 1621 2969 vero
1649 2930 1686 2967 a
1711 2914 2008 2986 superiore
2030 2915 2196 2979 turri,
2219 2932 2354 2987 quae

158 2986 209 3046 in
245 2990 407 3049 dorso
435 2994 669 3051 montis
692 2999 839 3058 erat,
864 2990 1083 3067 egressi
1116 2999 1261 3047 sunt
1284 2991 1618 3055 auxiliares,
1645 2999 1706 3045 et
1733 2992 1994 3065 ipsorum
2019 2993 2354 3063 Samiorum

158 3065 351 3143 ingens
376 3088 706 3129 numerus:
751 3070 853 3145 qui
886 3076 1199 3161 postquam
1234 3087 1339 3143 per
1360 3070 1648 3140 exiguum
1676 3076 1910 3161 tempus
1933 3070 2354 3139 sustinuissent

157 3142 649 3297 {sacedaemonioffi
679 3150 827 3225 fuga
852 3166 918 3205 88
938 3146 1269 3222 recipiunt3
1314 3155 1375 3203 et
1400 3147 1490 3203 illi
1529 3147 1796 3213 insecuti,
1827 3164 2104 3222 magnam
2131 3149 2354 3207 caedem

180 3236 417 3285 ecerunt.

224 3308 311 3362 55.
349 3308 531 3371 Quod
556 3309 631 3373 si,
672 3306 770 3381 qui
800 3313 938 3361 tunc
967 3268 1289 3361 adfuerunt
1314 3304 1779 3372 Lacedaemonii,
1805 3305 2006 3363 cuncti
2031 3305 2252 3365 similes
2283 3325 2356 3365 eo

158 3379 237 3438 die
261 3383 512 3443 fuissent
552 3386 783 3445 Archiae
810 3393 869 3439 et
896 3384 1169 3458 Lycopae,
1186 3392 1357 3457 capta
1385 3384 1594 3439 fuisset
1619 3388 1849 3444 Samus».
1927 3385 2172 3443 Archias
2193 3388 2355 3447 enim

157 3468 209 3517 et
230 3458 511 3538 Lycopas,
538 3483 729 3539 quum
746 3463 857 3519 soli
876 3480 1012 3519 cum
1044 3462 1407 3537 fugientibus
1437 3458 1684 3519 Samiis
1667 3480 1728 3519 111
1747 3463 1958 3519 urbem
1980 3464 2354 3537 irrupissent,

156 3538 459 3599 intercluso
488 3545 703 3609 reditu,
749 3544 907 3597 intra
948 3541 1155 3597 urbem
1194 3559 1233 3596 a
1258 3540 1468 3597 Samiis
1510 3541 1801 3597 interfecti
1829 3550 1985 3599 sunt.
2064 3542 2356 3617 Equidem

158 3633 277 3675 cum
301 3624 475 3678 tertio
502 3612 587 3679 ab
606 3624 717 3679 hoc
736 3620 970 3687 Archia,
996 3620 1103 3675 8111
1114 3627 1174 3679 et
1194 3620 1306 3692 ipsi
1334 3618 1550 3675 Archiae
1577 3636 1798 3677 nomen
1828 3628 1974 3685 erat,
2007 3622 2189 3679 Samii
2209 3624 2354 3689 filio,

155 3696 365 3755 Archiae
394 3702 621 3775 nepoti,
666 3715 1019 3775 congressus
1068 3716 1200 3755 sum
1245 3698 1492 3763 Pitnnae,
1521 3716 1642 3772 quo
1683 3698 1756 3755 de
1785 3700 2006 3773 populo
2047 3709 2206 3757 erat.
2251 3702 2356 3774 qui

152 3778 400 3835 omnium
451 3780 757 3853 hospitum
790 3778 1041 3833 maxime
1083 3774 1309 3833 Samios
1352 3776 1558 3842 coluit,
1587 3778 1854 3851 mihique
1881 3778 2048 3845 dixit,
2071 3781 2229 3851 patri
2253 3796 2352 3837 suo

158 3869 327 3911 nomen
371 3860 553 3915 Samii
596 3858 697 3913 hac
737 3874 926 3913 caussa
950 3854 1136 3928 fuisse
1169 3856 1500 3927 impositum,
1538 3857 1680 3927 quod
1725 3857 1876 3911 illius
1913 3864 2074 3928 pater
2113 3857 2354 3917 Archias

162 3930 303 3989 Sami
330 3936 642 4010 fortissime
662 3953 915 4027 pugnans
941 3934 1307 3989 occubuisset:
1348 3934 1522 3992 colere
1545 3952 1602 3991 se
1627 3942 1810 3991 autem
1855 3934 2094 4002 Samios,
2139 3935 2354 4007 aiebat,

163 4015 399 4084 quoniam
422 4035 559 4073 avus
588 4018 754 4088 ipsius
773 4013 993 4088 publice
1012 4031 1049 4067 a
1078 4011 1494 4085 Samiis-fuisset
1515 4013 1778 4089 sepultus.

232 4094 323 4149 56.
362 4094 477 4151 Sed
522 4090 979 4157 Lacedaemonii,
1026 4100 1337 4165 postquam
1387 4109 1492 4166 per
1535 4090 1920 4166 quadraginta
1961 4090 2080 4149 dies
2121 4054 2354 4170 oppug-

162 4179 383 4229 nassent
456 4170 717 4241 Samum,
792 4187 985 4247 neque
1058 4166 1381 4247 quidquam
1456 4171 1864 4247 profecissent,
1931 4170 1992 4229 in
2059 4170 2354 4248 Pelopon„
