2925 4992
571 312 700 378 sss
1123 300 1625 376 nssnono'n
1674 310 2035 373 Hls‘ron.
2084 314 2221 374 vn.

571 482 630 513 “·
641 476 977 544 venierunt,
1009 474 1210 543 audio,
1233 494 1307 533 ex
1334 492 1405 532 ea
1429 475 1669 532 civitate
1692 492 1774 540 es,
1794 489 1927 553 quae·
1948 490 2061 532 nec
2083 474 2337 533 minima
2362 483 2449 534 est
2476 492 2573 534 nec
2594 476 2727 533 infir·

575 562 626 591 “
645 556 928 614 missima.
1011 554 1192 611 Nune
1215 572 1358 633 ergo
1383 556 1499 611 hoc
1524 554 1621 610 dic
1646 553 1813 625 mihi,
1840 572 1915 611 an
1958 556 2151 611 Graeci
2194 557 2388 612 ausuri
2416 554 2531 613 sint
2552 571 2729 613 manus

573 641 624 669 ‘⁶
647 642 852 692 contra
877 650 972 690 me
997 634 1244 689 tollere?
1325 633 1510 700 Nam,
1534 640 1607 689 ut
1633 634 1903 708 equidem
1937 632 2235 701 existimO,
2266 652 2339 691 ne
2367 636 2605 691 universi
2627 636 2731 707 qui-

572 720 624 747 “
647 715 782 772 dem
807 712 998 769 Graeci
1025 720 1086 769 et
1111 712 1317 787 reliqui
1349 715 1418 768 ad
1461 712 1823 769 occidentem
1865 712 2197 769 habitantes
2236 710 2521 779 homineS,
2542 714 2586 769 si
2608 716 2733 768 vires

573 798 622 827 “
647 810 782 849 suas
807 792 1000 847 cuncti
1025 787 1480 867 conjungerent,
1506 806 1675 865 pares
1714 790 1908 847 forent
1939 792 2009 845 ad
2050 793 2195 849 mihi
2240 794 2627 859 resistendum,
2644 791 2734 847 nisi

571 878 622 907 ⁸‘
641 888 880 947 prorsus
907 872 1064 925 inter
1085 888 1150 925 se
1179 871 1404 927 fuerint
1427 868 1764 926 concordes,
1842 870 1922 925 At
1946 872 2123 943 cupio
2153 878 2348 927 tamen
2390 874 2561 927 etiam
2585 888 2645 925 ex
2668 879 2735 933 te,

573 957 622 993 ‘⁰
641 950 784 1025 quid
813 952 890 1004 sit
927 948 1080 1021 quod
1119 949 1191 1004 de
1234 950 1346 1007 hoc
1389 950 1575 1015 dicas,
1606 953 2019 1023 cognoscere.”
2104 951 2215 1005 Cui
2262 952 2344 1005 ita
2384 948 2737 1024 interroganti

567 1028 922 1087 Demaratus
953 1027 1286 1101 respondit:
1319 1035 1360 1059 “
1387 1026 1627 1093 Utrum,
1658 1026 1811 1093 Rex,
1842 1044 1916 1083 ex
1940 1028 2186 1083 veritate
2215 1028 2325 1083 tibi
2351 1028 2563 1089 dicam,
2589 1034 2656 1083 an
2680 1026 2738 1082 ad

571 1110 618 1141 ⁸‘
646 1108 898 1183 gratiam
917 1108 980 1162 Υ·
1023 1106 1104 1162 Et
1129 1106 1231 1163 ille
1258 1103 1438 1177 jussit
1465 1124 1602 1162 eum
1634 1124 1708 1163 ex
1747 1107 1994 1161 veritate
2020 1107 2231 1172 dicere,
2262 1108 2449 1163 nihilo
2468 1106 2623 1183 ¹enim
2642 1106 2737 1162 mi-

569 1202 679 1245 nus
707 1185 879 1241 illum
905 1186 984 1241 ob
1007 1186 1064 1240 id
1095 1186 1206 1241 sibi
1234 1194 1537 1259 acceptum
1566 1185 1711 1255 fore,
1744 1200 1920 1257 quam
1946 1194 2127 1241 antea·
2144 1184 2367 1242 fuisset.

615 1269 783 1321 40⁶2.
826 1264 940 1320 His
989 1264 1229 1330 auditis,
1276 1265 1667 1320 Demaratus:
1730 1270 1771 1295 “
1800 1264 1990 1329 Rex,”
2036 1266 2249 1337 inquit,
2306 1265 2641 1337 “quoniam
2684 1280 2741 1319 ex

571 1348 618 1377 ‘⁶'
644 1344 728 1399 rei
753 1344 998 1399 veritate
1023 1360 1118 1399 me
1143 1340 1309 1417 loqui
1342 1339 1542 1413 jubes,
1571 1358 1753 1415 eaque
1779 1342 1969 1398 dicere
2006 1334 2139 1417 qu⁰ae
2180 1360 2299 1399 non
2342 1345 2643 1400 mentitum
2664 1358 2742 1397 me

571 1429 620 1457 “
649 1439 778 1479 esse
827 1424 1072 1496 posthac
1115 1421 1536 1496 deprehendar,
1581 1438 1807 1477 rnorem
1860 1421 1969 1476 tibi
2016 1440 2237 1496 geram.
2320 1421 2390 1477 ln
2437 1418 2648 1479 Graecia
2684 1420 2742 1477 ab

572 1507 622 1535 “
649 1502 816 1557 omni
868 1503 1108 1574 quidem
1150 1509 1320 1556 aetate
1365 1508 1676 1574 paupertas
1718 1500 2003 1556 habitavit
2018 1523 2039 1556 ·:
2101 1502 2341 1557 accessit
2390 1520 2529 1557 vero
2566 1502 2741 1565 virtus,

573 1586 620 1613 ‘⁶
644 1578 948 1653 sapientiae
987 1588 1048 1636 et
1089 1580 1240 1654 legis
1267 1580 1473 1635 validae
1499 1578 1638 1645 filia,
1667 1595 1782 1652 qua
1806 1588 1979 1634 utens
2006 1580 2233 1635 Graecia
2273 1590 2334 1635 et
2376 1586 2744 1655 paupertatem

573 1658 835 1733 “abigit
883 1668 944 1714 et
995 1660 1382 1714 dominatum.
1468 1658 1545 1713 Et
1590 1658 1765 1713 laudo
1807 1658 2044 1731 quidem
2086 1658 2323 1714 Graecos
2369 1676 2576 1715 omnes
2620 1658 2745 1712 circa

573 1740 622 1771 ‘⁸
649 1744 832 1794 terras
856 1738 984 1793 ilias
1013 1738 1258 1793 Doricas
1283 1736 1657 1793 habitantes:
1702 1753 1810 1791 nec
1836 1754 1978 1791 vero
2006 1736 2079 1792 de
2107 1736 2330 1794 cunctis
2374 1755 2537 1795 nunc
2560 1734 2747 1792 Graecis

573 1815 821 1871 “verba
861 1816 1098 1881 faciam,
1129 1816 1229 1872 sed
1271 1816 1342 1871 de
1385 1815 1525 1871 solis
1571 1815 2069 1871 Lacedaetnoniis:
2112 1829 2278 1889 quOS,
2324 1818 2597 1889 primum,
2639 1814 2747 1869 dico

573 1900 628 1933 “-
647 1911 1016 1969 nequaquam
1045 1902 1384 1967 accepturos
1424 1911 1551 1949 esse
1590 1900 1723 1949 tuas
1763 1893 2146 1959 conditiones,
2173 1895 2516 1953 servitutem
2542 1893 2749 1950 Graeciae

573 1978 617 2006 “
643 1980 1071 2046 proponentes5
1119 1973 1345 2036 deinde,
1391 1972 1627 2027 obviam
1681 1970 1812 2028 ilios
1864 1973 1972 2027 tibi
2014 1973 2201 2028 ituros
2246 1973 2337 2028 aio
2390 1976 2453 2030 in
2500 1990 2747 2049 pugnam,

576 2053 632 2091 “·
649 2052 879 2107 etiamsi
907 2051 1004 2107 alii
1033 2068 1236 2107 omnes
1277 2051 1470 2106 Graeci
1510 2057 1702 2107 tecum
1745 2052 2043 2107 sentirent.
2125 2050 2213 2108 Ad
2237 2070 2551 2110 numerum
2579 2062 2747 2107 autem

575 2134 628 2168 “-
649 2130 808 2220 quod
854 2129 1100 2194 adtinet,
1151 2125 1270 2186 noli
1320 2146 1575 2202 quaerere
1618 2138 1762 2203 quot
1808 2131 1925 2185 sint
1967 2147 2237 2197 numere,
2266 2122 2379 2205 qui‘
2420 2132 2531 2188 hoc
2569 2126 2751 2187 facturi

575 2213 802 2265 “unu
845 2226 986 2265 nam
1029 2208 1154 2263 sive
1195 2208 1357 2264 mille
1395 2207 1615 2263 fuerint
1659 2210 1757 2281 qui
1803 2210 1863 2263 in
1912 2208 2095 2264 aciem
2134 2209 2441 2283 prodeant,
2484 2210 2547 2267 hi
2586 2217 2749 2264 tecum

579 2292 628 2321 “
653 2288 1115 2363 congredientur,
1144 2288 1268 2343 sive
1289 2286 1380 2343 his
1406 2286 1730 2361 pauciores»,
1760 2288 1881 2342 sive
1910 2288 2159 2361 plure5.”

659 2371 789 2422 103.
829 2368 1062 2429 Quibus
1097 2366 1336 2434 auditis,
1370 2367 1567 2421 ridens
1612 2366 1835 2421 Xerxes
1864 2367 1985 2423 ait:
2048 2374 2089 2397 “
2119 2366 2461 2436 Demarate,
2488 2368 2751 2443 quodnam

577 2450 622 2477 “
649 2446 894 2503 emisisti
919 2445 1188 2511 verbum,
1215 2445 1380 2501 mille
1419 2446 1577 2500 viros
1619 2462 1752 2501 cum
1798 2452 1922 2501 tam
1962 2446 2195 2520 ingenti
2220 2448 2482 2504 exercitu
2508 2462 2751 2521 congres-

579 2528 624 2556 “
655 2542 821 2582 suros
845 2527 866 2580 ?
925 2524 1038 2579 Dic
1065 2524 1231 2589 mihi,
1263 2539 1408 2598 age:
1454 2540 1653 2578 nonne
1680 2531 1748 2579 tu
1778 2520 1883 2589 aia,
1916 2540 2117 2598 regem
2144 2532 2201 2581 te
2230 2526 2449 2583 horum
2476 2526 2752 2583 hominum

578 2604 870 2659 “·fuisse?
929 2602 1142 2657 Vis-ne
1170 2602 1351 2677 igitur
1375 2610 1440 2656 tu
1471 2620 1503 2657 e
1530 2602 1778 2677 vestigio
1819 2610 2018 2659 contra
2052 2603 2259 2671 ‚decem
2298 2622 2565 2679 pugnare
2588 2603 2751 2660 viros?

577 2688 622 2714 “
649 2682 848 2755 Atqui,
877 2680 927 2735 si
955 2681 1134 2736 vestri
1161 2680 1316 2735 cives
1343 2680 1542 2737 cuncti
1582 2681 1727 2736 tales
1769 2690 1926 2747 sunt,
1955 2682 2155 2754 quales
2200 2690 2267 2739 tu
2308 2684 2590 2751 declaraS,
2616 2683 2755 2739 decet

577 2766 712 2815 “te
754 2774 952 2833 regem
998 2776 1225 2824 eorum,
1249 2776 1322 2815 ex
1369 2760 1578 2815 vestris
1618 2760 1912 2823 institutis,
1938 2778 2073 2816 cum
2121 2760 2303 2836 duplo
2351 2780 2598 2820 numero
2636 2778 2754 2817 con·

577 2842 626 2871 “
653 2838 838 2914 gredi.
917 2838 1076 2893 Nam
1104 2839 1151 2893 si
1178 2837 1416 2893 illorum
1455 2838 1705 2911 quisque
1733 2838 1900 2894 denis
1922 2840 2063 2895 viris
2104 2839 2177 2895 de
2221 2858 2354 2897 meo
2396 2843 2645 2899 exercitu
2670 2854 2755 2913 par

577 2922 618 2949 “
645 2924 752 2983 est,
781 2936 814 2971 a
839 2924 898 2973 te
925 2916 1122 2991 utique
1151 2916 1386 2989 postulo
1413 2924 1484 2973 ut
1511 2916 1730 2991 viginti
1758 2917 1898 2973 viris
1941 2936 2045 2991 par
2068 2919 2147 2974 sis
2170 2942 2182 2975 :
2230 2931 2406 2993 atque
2435 2922 2520 2977 ita
2546 2921 2755 2977 demum

574 3001 622 3028 “
651 3002 807 3053 recte
849 2996 1026 3053 stabit
1067 2996 1213 3052 ratio
1256 3012 1433 3069 quam
1478 3003 1551 3051 tu
1585 2991 1747 3051 dicis,
1828 2993 1952 3063 Sin,
1980 3014 2163 3069 quum
2205 3000 2352 3055 tales
2398 3000 2525 3055 sitis
2566 2998 2755 3071 talique

578 3080 897 3141 “·statura,
927 3074 1092 3148 quali
1133 3082 1199 3130 tu
1245 3082 1302 3131 et
1347 3074 1442 3130 alii
1474 3074 1664 3130 Graeci
1700 3074 1800 3148 qui
1847 3092 1943 3131 me
1987 3078 2301 3133 convenire·
2336 3082 2755 3140 consueverunt,

578 3160 621 3185 “
649 3160 950 3227 tantopere
975 3152 1338 3231 gloriamini,
1364 3152 1499 3209 vide
1526 3170 1603 3209 ne
1628 3170 1783 3209 vana
1814 3149 2061 3223 jactatio
2096 3156 2175 3210 sit
2220 3157 2333 3212 hoc
2374 3158 2533 3231 quod
2574 3154 2757 3212 dicitis.

577 3237 625 3264 “
652 3234 778 3307 Age
829 3232 1012 3297 enim,
1045 3230 1359 3287 ‘videamus
1409 3231 1550 3305 quid
1598 3231 1891 3305 probabili
1944 3234 2066 3289 ulla
2110 3236 2334 3291 ratione
2382 3236 2510 3292 fieri
2556 3232 2753 3310 possit?

581 3316 623 3342 “
652 3311 933 3371 Quonam
961 3311 1146 3385 igitur
1173 3318 1342 3383 pacto
1369 3310 1532 3366 mille
1582 3310 1869 3377 homineS,
1896 3321 2000 3369 aut
2042 3314 2220 3369 etiam
2246 3314 2459 3385 decies,
2492 3324 2593 3371 aut
2618 3310 2757 3369 deni·

580 3394 621 3419 “
646 3405 764 3461 que
803 3389 1188 3464 quinquzxgies
1222 3389 1408 3454 mille,
1447 3388 1550 3461 qui
1591 3390 1787 3446 cuncti
1825 3392 2041 3463 pariter
2083 3391 2256 3447 liberi
2302 3393 2444 3460 sint,
2475 3410 2581 3450 nec
2604 3392 2755 3447 unius

578 3473 624 3534 “.
653 3463 1176 3545 subjectiimperio
1202 3490 1214 3522 :
1263 3485 1381 3542 quo
1411 3474 1581 3540 pacto
1618 3468 1878 3541 inquam,
1910 3470 1971 3524 hi
2004 3472 2268 3527 resistere
2303 3479 2477 3528 tanto
2500 3466 2753 3528 exercitui

577 3550 962 3620 “potet-unt?
1002 3546 1184 3613 Nam,
1227 3548 1274 3603 si
1322 3556 1462 3603 sunt
1504 3546 1593 3601 ini
1638 3547 1948 3622 quinquies
1986 3548 2171 3616 mille,
2204 3566 2311 3606 nos
2355 3552 2554 3623 plures
2600 3563 2751 3623 quam

577 3629 620 3657 “
649 3622 869 3682 milleni
896 3642 1100 3682 sumus
1123 3626 1222 3699 qui
1249 3634 1456 3681 contra
1487 3624 1725 3682 illorum
1750 3643 2228 3703 unumquemque
2255 3630 2561 3685 stabimuS.
2608 3621 2757 3689 Quod

578 3710 624 3735 “
643 3705 696 3760 si
723 3705 976 3778 quidem,
999 3714 1067 3761 ut
1093 3703 1247 3777 apud
1275 3722 1401 3770 nos,
1425 3704 1509 3760 sic
1539 3704 1624 3769 iili
1648 3706 1823 3761 unius
1848 3706 2098 3776 subjecti
2123 3715 2319 3764 essent
2347 3708 2612 3781 imperio,
2640 3721 2754 3781 pos-

577 3787 619 3814 “
648 3794 798 3848 sent,
831 3784 990 3839 illius
1021 3790 1200 3847 metu,
1230 3790 1288 3837 et
1323 3791 1532 3839 contra
1568 3800 1735 3840 suam
1776 3791 2049 3841 naturam
2090 3786 2217 3842 fieri
2261 3786 2556 3853 melioreS,
2585 3794 2641 3843 et
2666 3784 2754 3839 fla·

578 3865 619 3893 “
639 3863 818 3937 gellis
847 3863 1050 3918 ‘coacti
1089 3860 1391 3935 pauciores
1426 3880 1674 3917 numero
1714 3863 1987 3919 adversus
2031 3865 2228 3938 plures
2258 3866 2318 3920 in
2360 3866 2627 3939 praelium
2650 3864 2752 3919 ire:

579 3945 622 3971 “
660 3942 760 3997 sed
783 3942 974 4007 liberi,
1005 3950 1064 3998 et
1090 3957 1198 3996 suo
1224 3939 1461 3996 arbitrio
1490 3943 1777 4015 permissi,
1796 3946 2081 3998 'neutrum
2110 3944 2324 4001 horum
2350 3944 2585 4000 facient.
2624 3942 2757 3998 Puto

580 4024 788 4075 “vero
815 4020 1108 4095 equidem,
1139 4018 1350 4091 aequali
1374 4020 1554 4075 etiam
1583 4036 1831 4076 numero
1856 4038 2011 4097 aegre
2038 4022 2275 4079 Graecos
2304 4022 2441 4079 solis
2470 4022 2657 4079 Persis
2678 4035 2759 4075 re-

579 4097 852 4155 “sistere
877 4113 1068 4173 posse.
1149 4097 1260 4153 Sed
1289 4097 1444 4171 apud
1482 4114 1593 4154 nos
1623 4098 1737 4157 hoc
1778 4102 2080 4174 reperitur,
2111 4101 2267 4177 quod
2312 4110 2379 4158 tu
2406 4102 2528 4157 ais:
2572 4114 2759 4174 quam·

581 4180 622 4208 “
651 4192 832 4251 quam
861 4194 988 4236 non
1015 4176 1314 4254 frequens,
1339 4176 1442 4235 sed
1482 4176 1700 4236 raru'm.
1780 4177 1935 4238 Sunt
1972 4181 2129 4239 enim
2170 4181 2321 4238 inter
2345 4180 2572 4251 Persas,
2600 4180 2657 4236 in
2679 4192 2757 4233 sa-
