2925 4992
1044 272 1418 344 THALI'A.
2233 290 2348 347 149

174 430 385 501 adveu'it
408 438 549 499 Susa
572 442 811 510 Durius,
840 441 1135 517 Hystaspis
1142 443 1323 519 filius,
1344 460 1416 500 ex
1440 442 1680 501 Perside
1701 444 1968 512 veniens,
1987 444 2085 501 cui
2111 443 2342 521 regioni

174 530 321 597 pater
343 524 521 596 ipsius
546 530 669 578 erat
694 522 1025 595 praefectus.
1104 522 1227 583 Qui
1266 522 1375 577 ub'i
1414 522 1670 589 advenit,
1699 522 1940 596 placuit-
1961 524 2199 599 reliquis
2237 540 2342 581 sex

174 602 361 679 Persis,
388 601 634 657 Darium
662 602 845 657 etiam
871 601 1097 680 socium
1124 600 1231 655 sibi
1261 598 1595 657 adsciscere.

238 680 323 743 71.
365 681 443 737 Ηί
470 689 695 753 septem
726 680 909 754 igitur
934 680 1253 753 congressi,
1284 679 1458 735 fidem
1484 681 1603 737 sibi
1629 680 1776 736 dant
1801 681 2082 746 invicem,
2125 687 2186 737 et
2225 698 2344 739 ser-

173 770 347 816 mones
370 759 699 815 conferunt.
785 753 903 814 Ubi
930 757 1003 813 ad
1032 758 1278 813 Darium
1322 758 1484 813 venit
1520 759 1666 815 ordo
1707 760 2016 816 sententiae
2054 758 2341 826 dieendae,
2399 754 2413 761 “

174 838 241 893 ait
264 838 385 893 ille:
457 846 493 868 ‘⁶
520 838 652 913 Ego
682 838 795 892 hoe
821 836 979 891 solus
1002 837 1313 911 cognitum
1342 836 1558 893 habere
1599 838 1903 910 putabam,
1935 855 2180 912 regnare
2205 838 2344 895 Ma-

172 921 204 945 “
227 929 374 990 gum,
402 923 461 971 et
486 917 609 971 vita
626 916 943 971 excessisse
966 915 1261 978 Smerdin,
1286 915 1424 989 Cyri
1446 914 1635 971 filium
1661 938 1675 971 t
1709 924 1884 991 atque
1911 916 1986 973 ad
2005 917 2118 972 hoc
2145 917 2342 991 ipsum

176 1000 213 1027 ‘⁸
236 994 412 1050 dedita
433 996 610 1069 opera
634 995 753 1049 huc
776 1010 873 1049 me
898 994 1141 1059 contuli,
1160 1000 1228 1049 ut
1248 1002 1501 1049 mortem
1529 994 1714 1070 Mago
1735 1012 2017 1069 pararem.
2057 994 2345 1057 Quando·

176 1078 209 1103 “
234 1072 449 1146 quidem
492 1091 635 1129 vero
678 1072 910 1139 accidit,
952 1079 1025 1128 ut
1070 1081 1128 1127 et
1170 1088 1275 1127 vos
1322 1090 1448 1129 rem
1489 1082 1852 1147 compertam
1895 1074 2176 1141 habeatis,
2221 1090 2346 1131 non

177 1156 207 1182 ‘⁸
232 1168 331 1225 ego
356 1152 549 1222 solus3
596 1151 833 1207 videtur
877 1150 1029 1206 mihi
1070 1166 1161 1205 res
1204 1169 1237 1205 e
1277 1152 1532 1227 vestigio
1574 1154 1927 1227 peragenda,
1957 1170 2142 1226 neque
2182 1152 2347 1209 diffe-

175 1234 207 1259 “
232 1230 429 1286 tenda:
474 1249 585 1287 nec
612 1230 769 1287 enim
796 1230 909 1285 hoc
930 1228 1147 1285 melius
1190 1229 1429 1287 fuerit.”
1513 1228 1598 1286 Ad
1632 1232 1755 1287 haec
1781 1232 2003 1286 Otanes
2028 1252 2041 1286 ε
2115 1238 2157 1263 “
2181 1232 2238 1286 Ο
2265 1230 2353 1289 fili

176 1313 209 1337 “
234 1306 527 1383 Hystaspis
548 1310 607 1365 !’'
647 1309 765 1365 ait:
814 1315 859 1339 “
888 1308 1031 1363 forti
1056 1304 1181 1362 viro
1210 1315 1375 1381 patre
1414 1309 1652 1384 genitus
1677 1326 1738 1365 es
1765 1334 1782 1380 3
1827 1316 1889 1365 et
1913 1310 2124 1366 videris
2151 1317 2353 1365 osten-

171 1388 205 1421 “
224 1386 365 1454 dere,
390 1388 535 1443 nihil
564 1397 625 1443 te
650 1394 813 1461 patre
836 1402 963 1443 esse
1001 1386 1355 1443 inferiorem.
1436 1388 1862 1445 Verumtamen
1888 1388 2040 1444 hanc
2067 1406 2192 1445 rem
2221 1388 2349 1445 noli

174 1470 207 1496 “
228 1464 301 1520 ita
320 1483 683 1540 praepropere
710 1472 769 1521 et
794 1465 1129 1521 inconsulto
1154 1465 1429 1539 adgredi3
1478 1466 1578 1521 sed
1607 1467 2026 1522 consideratius
2055 1466 2219 1523 illam
2249 1484 2350 1523 ca-

174 1548 208 1575 “
228 1560 395 1617 pesse.
475 1546 685 1601 Plures
712 1545 897 1601 simus
924 1549 1195 1617 oportet3
1242 1550 1303 1599 et
1328 1544 1412 1599 sic
1438 1543 1654 1599 deinde
1687 1562 1810 1601 rem
1853 1544 2268 1620 adgrediamur
2287 1544 2346 1601 Γ*

172 1620 301 1679 Tum
328 1623 577 1681 Darius:
652 1626 693 1655 “
722 1622 843 1678 Viri
868 1622 969 1696 qui
994 1622 1091 1679 hic
1114 1622 1393 1687 adestis,”
1435 1622 1666 1695 inquit:
1731 1627 1776 1655 “
1799 1624 1850 1679 si
1877 1641 1946 1679 ea
1973 1624 2195 1679 ratione
2218 1630 2352 1681 ute·

174 1704 210 1731 “
232 1702 363 1757 mini
390 1720 523 1777 quac
550 1702 629 1757 ab
659 1702 855 1757 Otane
880 1706 971 1756 est
1000 1702 1317 1775 proposita,
1348 1701 1556 1757 scitote
1589 1703 1841 1775 pessime
1881 1716 1986 1759 vos
2027 1710 2160 1759 esse·
2191 1704 2350 1777 peri·-

173 1783 209 1810 “
229 1787 391 1837 turos.
470 1780 721 1839 Deferet
744 1781 905 1835 enim
932 1777 1143 1854 aliquis
1182 1796 1308 1835 rem
1350 1779 1421 1835 ad
1471 1779 1747 1855 Magum,
1777 1782 2056 1856 privatim
2097 1780 2212 1837 sibi
2257 1780 2350 1838 lu·

172 1862 207 1889 “
229 1872 377 1915 cram
405 1876 691 1933 quaerens».
774 1857 1093 1915 Debebatis
1120 1858 1356 1932 quidem
1386 1859 1646 1915 maxime
1663 1876 1769 1915 vos
1793 1861 1924 1925 soli,
1954 1876 2093 1917 cum
2115 1860 2352 1917 nemine

65 1994 67 1999 ,
172 1941 208 1969 “
228 1936 331 1993 alio
368 1936 679 1995 consilium
734 1938 1261 2003 communicantes,
1310 1954 1434 1993 rem
1481 1936 1804 1996 conficere:
1867 1940 2152 2013 quoniam
2203 1956 2344 1996 vero

173 2019 207 2047 “
228 2032 445 2075 mecum
490 2016 1000 2082 communicastis,
1028 2023 1135 2072 aut
1172 2017 1287 2071 hoc
1330 2016 1459 2089 ipso
1493 2016 1590 2072 die
1640 2034 1764 2074 rem
1807 2034 2217 2093 exsequamur,
2246 2026 2352 2076 aut

175 2094 210 2125 “
232 2096 441 2163 scitote,
470 2098 521 2152 si
550 2096 719 2151 hunc
757 2107 949 2151 unum
990 2095 1145 2151 diem
1192 2095 1443 2151 siveritis
1486 2096 1660 2161 elabi,
1689 2112 1806 2152 non
1827 2097 2015 2153 alium
2043 2104 2350 2153 accusato-

174 2176 209 2205 “
230 2190 340 2231 rem
366 2193 459 2232 me
486 2182 928 2249 praeventurum
954 2188 1105 2241 esse,
1133 2173 1236 2230 sed
1272 2188 1369 2229 me
1407 2174 1603 2248 ipsum
1635 2176 1873 2232 nomina
1897 2182 2095 2233 vestra
2119 2175 2192 2231 ad
2215 2174 2350 2233 Ma-

174 2256 209 2283 “
231 2269 361 2327 gum
385 2271 509 2310 esse
538 2252 933 2309 ‹lelaturum.’'
2339 2274 2349 2281 ·

234 2334 323 2395 72.
360 2330 451 2389 Ita
490 2332 801 2389 ardentem
839 2330 1092 2387 Darium
1134 2330 1333 2387 videns
1375 2331 1636 2389 Omnes:
1695 2340 1737 2365 “
1761 2332 2061 2395 Quoniam
2103 2332 2350 2407 igitur,”

174 2407 357 2483 inquit,
397 2419 439 2445 “
466 2411 622 2467 adeo
648 2426 895 2485 propere
920 2426 1043 2465 rem
1068 2424 1179 2464 nos
1202 2410 1443 2485 exsequi
1483 2412 1668 2487 cogis,
1701 2428 1806 2467 nec
1831 2410 2058 2467 differre
2085 2410 2300 2483 pateris
2329 2436 2346 2482 ς

174 2492 329 2565 “age
364 2488 456 2547 dic
494 2489 671 2547 nobis
712 2490 859 2563 ipse,
900 2502 1161 2561 quonam
1204 2498 1375 2562 pacto
1418 2490 1769 2547 intrabimus
1817 2490 2062 2565 regiam,
2107 2488 2357 2563 illosque

175 2571 211 2597 “
236 2569 675 2643 adgrediemur?
753 2566 1065 2627 custodias
1116 2568 1279 2623 enim
1332 2586 1458 2624 esse
1513 2570 1823 2645 dispositas
1875 2576 1941 2625 tu
1995 2568 2178 2625 etiam
2229 2569 2356 2643 ipse

174 2649 210 2676 “
236 2646 417 2721 (puto)
448 2648 635 2713 nos-ti,
664 2648 713 2703 si
742 2664 871 2703 non·
886 2646 1039 2711 visu,
1066 2644 1272 2702 auditu
1298 2655 1453 2703 certe
1479 2670 1494 2704 :
1537 2666 1683 2724 quas
1709 2663 1828 2724 quo
1857 2654 2026 2721 pacto
2055 2647 2356 2721 superabi-

174 2728 209 2755 “
233 2729 430 2782 mus?''
492 2728 611 2783 Cui
641 2726 855 2782 Darius
883 2723 1219 2798 respondit:
1266 2730 1312 2757 “
1340 2725 1538 2783 Multa
1583 2738 1742 2793 sunt,
1773 2728 2020 2793 Omnes,
2052 2744 2184 2800 quse
2225 2740 2356 2782 ver-

176 2805 212 2832 “
238 2803 314 2859 bis
351 2822 471 2861 non
523 2804 703 2861 facile
748 2812 839 2860 est
880 2804 1304 2869 demonstrare,
1335 2805 1433 2860 sed
1479 2823 1540 2861 re
1584 2808 1711 2880 ipsa
1758 2814 1930 2880 atque
1957 2822 2166 2877 opere:
2214 2812 2355 2861 sunt

174 2882 210 2913 ‘¹
232 2892 413 2940 rursus
440 2885 586 2950 alia,
615 2884 807 2939 verbis
836 2882 1073 2956 quidem
1100 2882 1378 2955 expeditu
1406 2883 1622 2950 facilia,
1653 2885 1751 2941 sed
1781 2884 1938 2940 unde
1967 2884 2188 2938 factum
2213 2884 2353 2938 nul-

175 2960 345 3018 “lum
374 2964 722 3038 praeelarum
748 2960 995 3018 exsistit.
1074 2960 1281 3015 Nostis
1328 2970 1526 3017 autem
1549 2980 1701 3029 ·vos,
1734 2980 1836 3036 per
1869 2962 2177 3035 dispositas
2223 2961 2366 3018 illas*

174 3040 207 3067 ‘⁴
230 3043 509 3097 custodias
559 3040 725 3097 nulla
768 3039 1113 3095 difficultate
1148 3041 1391 3095 transire
1435 3056 1544 3096 nos
1587 3058 1773 3113 posse.
1853 3040 2060 3100 Quum
2087 3039 2248 3095 enim
2273 3040 2354 3095 si·

174 3119 208 3147 “
230 3134 350 3175 mus
388 3122 499 3177 hac
552 3118 844 3194 dignitate
885 3118 1018 3184 viri,
1048 3134 1223 3173 nemo
1262 3134 1383 3174 non
1422 3121 1670 3175 transire
1697 3136 1802 3176 nos
1843 3119 2118 3193 patietur,
2145 3118 2354 3191 partim

174 3198 209 3225 “
228 3200 545 3255 reverentia
570 3198 802 3264 ductuS,
834 3198 1047 3271 partim
1076 3196 1302 3252 timore.
1385 3197 1672 3254 Praeterea
1713 3216 1854 3254 vero
1881 3214 1994 3272 ego
2039 3198 2164 3271 ipse
2203 3208 2354 3270 prae-

172 3276 205 3305 “
226 3284 441 3333 textum
484 3278 751 3334 maxime
790 3276 1071 3332 idoneum
1114 3275 1323 3341 habeo,
1354 3292 1460 3331 cur
1505 3277 1634 3333 illos
1683 3276 1994 3343 adeainu23
2039 3276 2239 3332 dicens
2281 3294 2358 3333 ex

172 3355 205 3383 “
231 3353 449 3411 Perside
474 3374 578 3411 me
600 3356 824 3420 adesse,
851 3353 1119 3428 velleque
1146 3354 1466 3427 quidpiam,
1496 3356 1652 3430 quod
1679 3374 1716 3411 a
1741 3363 1904 3429 patre
1931 3354 2079 3411 mihi
2111 3356 2357 3411 manda-

174 3434 209 3461 “
237 3440 354 3489 tum
381 3436 477 3499 sit,
508 3436 639 3509 regi
664 3432 1014 3507 significare.
1102 3430 1357 3495 Etenim,
1387 3435 1436 3488 si
1462 3434 1836 3490 mendacium
1877 3434 2114 3507 aliquod
2151 3434 2352 3489 dicen-

174 3513 207 3539 “
232 3510 364 3568 dum
402 3520 514 3579 est,
570 3514 814 3568 dicatur.
896 3510 1123 3566 Eodem
1166 3510 1403 3583 quidem
1448 3512 1764 3578 tendimus,
1817 3522 1876 3568 et
1919 3512 2249 3577 mendaceS,
2297 3522 2356 3567 et

175 3592 211 3617 ‘⁴
236 3606 495 3647 veraces:
544 3592 605 3646 hi
632 3592 843 3647 falsum
870 3590 1093 3653 dicunt,
1122 3590 1173 3644 si
1200 3588 1349 3643 falsa
1386 3591 1792 3662 persuadendo
1827 3591 2206 3647 commodum
2245 3592 2355 3646 ali-

176 3671 209 3695 “
236 3670 383 3740 quod
405 3680 555 3727 sunt
582 3668 949 3743 percepturi3
998 3668 1082 3723 illi
1122 3682 1265 3723 vera
1301 3667 1640 3739 loquuntur,
1669 3677 1739 3726 ut
1781 3686 1882 3742 per
1924 3670 2228 3725 veritatem
2259 3669 2354 3723 lu-

176 3748 213 3773 “
240 3763 395 3803 crum
442 3748 740 3823 quoddam
782 3748 1026 3812 faciant,
1054 3755 1239 3818 utque
1282 3742 1476 3814 majus
1514 3748 1736 3821 aliquid
1777 3750 1890 3804 illis
1934 3749 2148 3804 dehinc
2189 3764 2354 3803 com-

176 3825 209 3857 “
231 3826 509 3883 mittatur.
594 3827 707 3892 lta,
734 3826 992 3881 diversas
1018 3824 1141 3879 vias
1170 3826 1572 3896 sequentibus,
1603 3827 1758 3883 idem
1785 3828 1954 3882 nobis
1981 3826 2116 3880 finis
2147 3842 2358 3899 propo-

178 3906 215 3931 “
240 3900 377 3960 situs
402 3913 511 3962 est.
594 3904 655 3959 Si
684 3904 831 3961 nibil
850 3902 1149 3960 commodi
1166 3908 1630 3974 exspectaretur3
1665 3906 1813 3967 alter
1835 3905 2041 3976 (homo
2069 3902 2352 3974 mendax)

178 3986 213 4010 “
236 3984 327 4053 qui
354 3983 529 4059 (lucri
558 3984 795 4056 caussa)
838 3994 1046 4038 verum
1085 3981 1365 4053 loquitur,
1408 3984 1788 4051 mentiretur-3
1835 3982 1982 4039 alter
2015 3982 2226 4053 (homo
2255 4000 2358 4040 ve-

170 4064 213 4129 ,“
240 4060 365 4129 rax)
392 4064 496 4137 qui
526 4060 852 4138 (commodi
880 4058 1111 4121 caussa)
1144 4060 1443 4127 mentitur,
1473 4078 1676 4117 verum
1707 4062 1966 4117 dicturus
1995 4070 2135 4116 erat.
2177 4062 2356 4123 Quis·

177 4141 212 4167 “
234 4141 359 4212 quis
382 4158 529 4219 ergo
558 4159 631 4199 ex
654 4142 960 4216 portarum
1000 4137 1339 4197 custodibus
1366 4140 1525 4197 ultro
1555 4157 1660 4197 nos
1685 4138 2006 4207 admiserit,
2035 4138 2083 4195 is
2112 4142 2356 4215 posthac
