2925 4992
1094 262 1568 335 CALLIOPE.
1721 278 1728 293 “
2315 280 2434 341 427

215 414 477 488 sortasse
494 427 587 485 illi
610 446 681 485 ex
708 430 925 489 invidia
950 432 1221 490 dixerint.
1262 436 1558 501 Caeterum
1583 430 1642 487 hi
1667 446 1892 497 omnes,
1919 447 2066 505 quos
2095 426 2428 499 nominavi,

206 508 333 579 qui
358 509 419 563 in
446 508 555 571 hac
592 526 795 584 pugna
828 511 1185 577 ceciderunt,
1214 512 1463 585 publico·
1493 511 1714 566 honore
1757 510 1972 566 adfecti
2017 518 2172 574 sunt,
2200 510 2427 565 Aristo-

194 586 405 649 demo
430 595 709 660 exceptet
752 589 1149 646 Aristodemus
1188 608 1347 655 veru,
1374 607 1447 644 eo
1487 588 1647 661 quod
1685 587 1766 643 ob
1811 588 2150 661 praedictam
2188 587 2426 661 culpam

218 665 383 721 mori
405 665 773 733 decrevisset,
804 684 923 723 non
948 677 1037 723 est
1064 670 1400 725 honoratus

302 746 407 804 72.
449 744 533 799 Hi
572 744 753 819 igitur
778 762 850 801 ex
881 745 1297 803 Lucedoemoniis
1323 747 1618 802 Plataeensi
1645 763 1840 821 pugna
1869 745 2122 801 maxime
2147 746 2428 803 nobilitati

212 830 381 877 sunt.
458 821 616 877 Nam
667 822 1001 879 Callicrates
1054 834 1219 881 extra
1260 842 1529 898 pugnam
1577 833 1844 881 mortuus
1887 832 1995 889 est,
2017 824 2427 895 xpulcerrimus

214 898 571 955 Graecorum
614 900 716 972 qui
756 901 817 957 in
856 902 1119 957 exercitu
1157 902 1421 966 fuerunt,
1448 920 1568 959 non
1605 902 1786 958 modo
1811 900 2422 967 Lacedaemoniorum,

208 977 329 1033 sed
358 976 715 1049 reliquorum
740 980 918 1035 etiam
946 981 1305 1036 Graecorum.
1381 983 1520 1041 Quo
1545 988 1810 1051 tempore
1839 998 2002 1035 sacra
2040 980 2180 1035 fecit
2209 980 2428 1037 Pausa-

214 1054 375 1121 nias,
402 1056 609 1121 sedens
636 1054 737 1111 ille
762 1074 873 1113 suo
896 1059 958 1113 in
986 1058 1193 1114 ordine
1230 1059 1449 1133 sagitta
1474 1058 1820 1115 vulneratus
1845 1066 1934 1113 est
1973 1058 2034 1113 in
2062 1058 2260 1115 laterea
2339 1060 2426 1117 Ae

212 1139 354 1189 tum
382 1134 617 1205 quidem
640 1136 834 1191 caeteri
860 1136 1289 1208 capessiverunt
1318 1152 1620 1211 pugnam:
1652 1136 1776 1209 ipse
1798 1152 1940 1191 vero
1965 1154 2040 1191 ex
2065 1136 2186 1192 aeis
2213 1137 2426 1203 elatus,

208 1208 531 1286 aegerrime
575 1211 771 1269 ferens
818 1221 1089 1283 mortem,
1126 1214 1273 1271 dixit
1312 1216 1674 1279 Arimnesto,
1707 1214 1820 1269 civi
1858 1213 2190 1279 Plataeensi,
2223 1232 2328 1269 non
2369 1232 2427 1270 se

208 1291 485 1361 poenitere
509 1291 651 1361 quod
683 1308 788 1363 pro
824 1292 1033 1347 Grec-ia
1056 1295 1347 1358 morimur,
1376 1293 1470 1347 sed
1491 1293 1634 1361 quod
1659 1309 1824 1349 manu
1848 1308 1954 1347 non
1979 1294 2054 1347 sit
2081 1310 2230 1358 uem,
2255 1310 2426 1365 neque

210 1368 405 1423 ullum
428 1385 485 1423 se
504 1370 731 1439 dignum
738 1368 968 1443 facinus
988 1371 1257 1434 edidisset,
1287 1384 1452 1442 quum
1480 1372 1540 1425 id
1565 1372 1738 1441 ipsum
1760 1372 1916 1425 urtice
1943 1372 2243 1443 cupivisset.

296 1450 401 1509 78.
440 1445 607 1503 Inter
630 1446 1016 1503 Athenienses
1044 1446 1382 1505 nobilitatus
1402 1456 1494 1504 est
1519 1448 1848 1521 Sophanes‚
1869 1448 2216 1521 Eutychidis
2245 1448 2424 1515 filius,
2531 1459 2536 1468 '

208 1538 299 1580 ex
348 1524 571 1597 populo
616 1525 715 1581 cui
750 1525 1005 1583 Decelea
1048 1543 1280 1583 nomen.
1360 1522 1546 1595 Cujus
1594 1526 1966 1600 popularium
2011 1526 2424 1583 Decelensium

206 1602 369 1659 olim
396 1601 619 1659 factum
662 1602 907 1669 exstitit,
933 1612 1004 1659 ut
1046 1604 1155 1677 ipsi
1183 1602 1568 1661 Athenienses
1617 1611 1880 1669 narrant,
1910 1605 1970 1660 in
2011 1622 2184 1662 omne
2229 1622 2426 1661 aevutn

206 1680 307 1736 eis
334 1680 501 1737 utile.
580 1680 761 1746 Nam,
788 1699 906 1753 quo
936 1691 1197 1755 tempore
1222 1681 1368 1739 olim
1404 1682 1730 1755 repetendae
1759 1681 2003 1738 Helenoe
2026 1700 2234 1739 caussa
2257 1682 2426 1755 Tyn-

209 1757 443 1814 daridae
490 1776 627 1815 cum
680 1776 991 1815 numeroso
1042 1761 1298 1816 exercitu
1350 1766 1565 1816 terram
1620 1760 1876 1816 Atticam
1929 1756 2296 1826 invaserunt,
2339 1770 2426 1827 et,

208 1852 415 1910 quum
442 1837 737 1893 nescirent
760 1853 939 1911 quem
966 1839 1029 1893 in
1056 1838 1253 1894 locum
1281 1836 1387 1893 illa
1408 1838 1714 1911 deportata
1737 1845 1914 1901 esset,
1943 1838 2194 1910 populos
2213 1839 2425 1899 Atticm

208 1913 461 1972 sedibus
500 1915 623 1971 suis
662 1916 1051 1989 expulerunt5
1096 1924 1241 1973 tunc
1279 1919 1377 1986 (ut
1416 1917 1600 1991 vulgo
1641 1914 1833 1980 aiunt)
1874 1916 2248 1981 Decelcnses,
2276 1917 2425 1984 sive,

192 2000 293 2051 ut
316 1992 420 2048 alii
458 1992 679 2059 dicunt,
710 1994 833 2066 ipse
870 1993 1150 2059 Decelus‚
1176 1992 1520 2068 indignatus
1560 1995 1768 2066 iniquo
1795 1991 2010 2049 Thesei
2039 1994 2319 2061 facinore,
2347 1995 2426 2051 si-

206 2070 467 2145 mulque
491 2072 777 2127 universae
800 2078 1064 2128 metuens
1088 2072 1538 2129 Atheniensium
1567 2080 1756 2138 terrae,
1785 2079 1970 2127 totam
1997 2088 2118 2129 rem
2146 2073 2264 2129 illis
2289 2091 2427 2147 ape-
2461 2132 2474 2147 ,

208 2149 365 2215 ruit,
392 2149 667 2222 viamque
708 2166 841 2223 quoe
881 2148 997 2207 fert
1034 2149 1333 2222 Aphidnas
1372 2151 1764 2207 monstravit:
1804 2166 1950 2220 quas
1989 2166 2134 2205 mox
2163 2150 2427 2216 Titacus,

206 2225 613 2301 Aphidnensis
637 2228 785 2301 ipse,
803 2227 1155 2301 Tyndaridis
1184 2226 1451 2299 prodidit.
1500 2226 1677 2286 Quod
1703 2226 1780 2287 ob
1809 2226 2031 2281 factum
2046 2226 2423 2283 Deceleensi-

206 2306 335 2362 bus
362 2302 629 2381 Spartani
652 2306 1083 2363 immunitatem
1105 2303 1488 2379 vectigalium
1511 2312 1572 2359 et
1611 2303 1963 2377 praecipuam
1999 2304 2088 2376 [in
2113 2307 2424 2363 conventi-

208 2384 337 2441 bus
363 2382 611 2455 publicis
636 2391 697 2441 et
723 2385 783 2439 in
812 2383 1099 2441 festorum
1116 2380 1481 2452 solennibus]
1501 2381 1698 2439 sedem
1723 2379 2125 2450 indulserunt;
2159 2398 2276 2453 quo
2305 2383 2426 2455 pri-

211 2461 445 2536 vilegio
470 2460 559 2517 illi
582 2463 759 2518 etiam
786 2478 949 2518 nunc
982 2461 1281 2526 fruuntur,
1306 2461 1389 2518 ita
1414 2460 1652 2533 quidem
1679 2468 1748 2515 ut
1773 2458 1954 2515 etiam
1996 2459 2072 2513 itu
2102 2458 2272 2525 bello
2299 2462 2423 2529 illo,
2453 2456 2462 2465 “

204 2538 383 2613 quod
423 2540 625 2597 multis
665 2548 799 2613 post
837 2540 951 2595 hoc
992 2538 1209 2595 bellum
1252 2538 1427 2595 annis
1469 2538 1621 2595 inter
1660 2532 2116 2609 Peloponnesios
2155 2545 2214 2594 et
2240 2538 2425 2597 Athe-

212 2618 461 2675 nienses
481 2625 719 2692 gestum
738 2626 848 2685 est,
865 2634 1047 2691 quum
1076 2617 1359 2690 reliquam
1384 2616 1640 2673 Atticam
1657 2614 2090 2673 Laeedaemonii
2112 2623 2424 2687 vastarent,

214 2695 478 2753 Deceles
504 2680 907 2755 abstinuerint.
2289 2720 2296 2729 ·

301 2778 405 2837 7⁴·
449 2772 541 2829 Ex
566 2775 678 2833 hoc
713 2777 901 2850 igitur
926 2776 1135 2833 Atticae
1176 2793 1331 2851 pago
1372 2776 1673 2851 Sophanes
1713 2775 1852 2840 fuit,
1879 2776 1982 2848 qui
2023 2782 2164 2833 tunc
2191 2776 2425 2833 virtutis

198 2852 579 2927 -praecipuam
606 2854 758 2911 inter
781 2853 1163 2911 Athenienses
1189 2854 1422 2911 laudem
1448 2854 1708 2911 abstulit.
1786 2854 1924 2913 Quo
1952 2853 2026 2909 de
2053 2854 2182 2909 viro
2209 2856 2429 2927 duplex

214 2932 383 2989 fama
408 2931 623 2989 fertur:
668 2932 869 2999 altera,
896 2942 1155 3007 gestasse
1181 2948 1319 2989 eum
1362 2933 1610 2988 ferream
1635 2948 1912 2997 artem-am,
1941 2949 1970 2987 e
1997 2932 2180 2987 loricae
2207 2934 2428 3003 cingulo

216 3025 391 3067 oenea
418 3016 629 3067 eatena
656 3010 949 3082 religatam
962 3035 984 3077 ς
1022 3026 1153 3067 eam
1182 3010 1351 3067 illum
1377 3026 1673 3075 ancoram,
1703 3009 1932 3082 quoties
1958 3010 2197 3083 propius
2225 3010 2426 3067 hostes

217 3086 503 3152 venisset,
528 3088 591 3143 in
629 3096 844 3145 terram
890 3088 1143 3163 defigere
1190 3088 1431 3145 solitum
1473 3104 1620 3153 esse,
1661 3098 1736 3142 n‘e
1778 3087 1996 3154 hostes,
2034 3088 2320 3159 impetum
2362 3088 2427 3143 in

200 3164 393 3225 ,illum
419 3164 716 3233 facientes,
742 3167 997 3222 statione
1030 3182 1169 3221 eum
1207 3166 1496 3239 depellere
1534 3172 1804 3239 possent;
1849 3164 1996 3239 fuga
2035 3172 2234 3221 autem
2269 3166 2428 3221 facta

202 3239 487 3300 -hostium
510 3244 765 3317 recipere
788 3261 1101 3301 consuesse
1124 3260 1422 3309 ancoram,
1450 3251 1510 3299 et
1535 3246 1620 3299 ita
1644 3243 1912 3315 persequi
1953 3242 2198 3299 hostem.
2280 3242 2428 3299 Haec
2487 3240 2494 3249 '

218 3321 295 3377 de
317 3320 433 3377 hoc
458 3320 587 3377 viro
611 3322 773 3379 fama
800 3321 1004 3381 fertur.
1065 3323 1179 3379 Cui
1203 3322 1662 3381 contradicentes
1701 3320 1802 3375 alii
1841 3321 2030 3387 aiunt,
2061 3321 2122 3375 in
2163 3316 2427 3390 ejusdem

214 3399 329 3455 viri
352 3398 581 3473 clypeo,
608 3416 787 3473 quem
816 3414 1047 3473 semper
1070 3400 1171 3455 ille
1218 3401 1281 3455 in
1326 3415 1538 3474 gyrum
1569 3415 1744 3473 agere
1769 3407 2126 3464 consuesset,
2155 3416 2262 3455 nec
2285 3416 2425 3455 um-

214 3492 403 3550 quam
454 3478 719 3551 quietum
768 3478 978 3542 sinere,
1020 3494 1127 3549 pro
1171 3478 1397 3552 insigni
1445 3478 1628 3546 fuisse
1669 3493 1949 3543 ancoram,
1993 3493 2116 3534 non
2166 3486 2426 3551 gestasse

219 3556 394 3613 illum
419 3556 673 3613 ferream
700 3574 970 3613 ancoram
996 3573 1029 3611 e
1054 3555 1235 3614 lorica
1260 3555 1587 3629 religatam.
1722 3602 1728 3610 .

206 3680 215 3691 .
296 3637 397 3698 75.
435 3633 649 3691 Exstat
700 3629 961 3705 ejusdem
1010 3633 1305 3706 Sophanis
1356 3632 1516 3689 aliud
1567 3631 1840 3706 praeclare
1893 3630 2156 3699 faetum;
2203 3630 2424 3687 scilicet

202 3728 407 3787 quum
433 3711 819 3769 Athenienses
852 3712 1137 3785 AEginam
1182 3711 1700 3776 circumsederent‚
1726 3708 1822 3765 hie
1865 3708 2205 3781 Eurybaten
2245 3710 2425 3781 Argi-

217 3808 391 3858 vum,
420 3790 615 3847 virum
640 3790 1013 3864 quinquertio
1042 3787 1321 3853 nobilem,
1350 3806 1387 3843 a
1408 3805 1472 3843 se
1495 3786 1570 3843 ad
1609 3786 1909 3861 singulare
1947 3792 2241 3843 certamen
2286 3802 2425 3857 pro-

216 3876 503 3927 vocatum
542 3868 855 3925 interfecit.
935 3864 1043 3923 Sed
1072 3866 1261 3923 eidem
1288 3863 1546 3939 Sophani
1585 3864 1930 3938 insequente
1969 3864 2423 3935 tempore.aeci-

216 3944 329 4013 dit,
354 3954 449 4012 ut,
474 3962 663 4020 quum
688 3946 806 4003 dux
846 3954 998 4001 esset
1019 3944 1472 4001 Atheniensium
1508 3959 1648 3999 eum
1675 3941 1908 4015 Leagro
1932 3939 2249 3997 Glauconis.
2276 3941 2425 4009 filio,

216 4024 375 4100 apud
413 4024 621 4083 Daton
660 4023 963 4097 oppidum,
986 4022 1094 4079 ubi
1133 4040 1243 4096 pro
1280 4022 1407 4079 auri
1451 4020 1704 4079 metallis
1741 4017 2164 4085 decertabatur,
2193 4018 2425 4101 fortiter

212 4120 523 4181 pugnans,
550 4097 627 4159 ab
651 4100 876 4161 Edonis
903 4101 1341 4160 interficeretur.
1364 4179 1403 4234 2
1945 4120 1950 4124 ¹

1246 4183 1281 4235 3
1316 4195 1349 4239 ι,
