2925 4992
1049 304 1567 375 PonYMNIA.
2280 306 2403 373 34²7

199 475 406 525 versu
425 460 669 525 Grues
707 478 854 523 vero
885 460 1004 521 alia
1037 463 1124 521 eis
1167 474 1370 538 parata
1409 464 1707 526 excusatio
1742 472 1894 533 erat,
1918 481 2033 537 qua
2078 461 2257 521 etiam
2303 464 2403 523 usi

195 546 360 597 sunt.
436 540 868 599 Accusantibus
891 542 1044 599 enim
1071 543 1203 599 illos
1232 545 1450 601 Graecis
1478 545 1633 617 quod
1664 544 1879 599 auxilia
1918 561 2037 601 non
2078 543 2399 610 misissent,

193 618 508 679 dixerunt:
571 626 616 652 “
645 619 970 695 complesse
1007 637 1071 679 se.
1111 622 1351 695 quidem
1370 624 1697 698 sexaginta
1733 624 2019 687 triremes,
2058 622 2159 677 sed
2209 624 2405 677 ventis

198 703 246 729 “
271 699 472 757 etesiis
491 698 820 771 prohibitos
841 715 968 757 esse
993 698 1252 759 Maleam
1279 702 1639 759 circumvehi
1660 726 1677 768 ;
1721 720 1791 757 ea
1816 718 2021 757 caussa
2046 700 2117 755 ad
2148 700 2397 757 Salami-

195 776 242 807 “
271 790 410 834 mm
461 795 580 833 non
624 778 980 850 pervenisse,
1027 794 1138 835 nec
1181 780 1308 837 ullo
1350 798 1535 853 pravo
1586 780 1833 837 consilio
1885 778 2109 835 factum
2154 794 2305 851 esse,
2332 786 2405 835 ut

193 860 237 891 ‘⁸
264 870 494 929 pugnae
519 854 720 914 navali
747 872 866 913 non
891 856 1318 915 interfuerint.”
1401 859 1424 914 1
1434 868 1493 915 ta
1519 859 1579 913 hi
1606 859 1841 915 Graecos
1864 858 2187 915 eluserunt.

280 937 414 991 169.
462 932 760 1000 Cretaeam,
783 943 1090 1009 postquam
1113 952 1212 993 eos
1237 936 1312 993 ad
1337 936 1477 996 beni
1498 937 1839 993 societatem
1866 936 2189 993 invitarunt
2210 936 2403 991 Graeci

191 1012 412 1087 quibus
455 1011 514 1067 id
557 1012 912 1080 mandatum
935 1021 1082 1078 erat,
1113 1015 1260 1071 hanc
1287 1016 1471 1071 iniere
1517 1018 1827 1071 rationem.
1907 1015 2229 1073 Communi
2256 1032 2399 1069 con·-

188 1090 330 1147 silio
353 1090 624 1165 Delphos
672 1088 866 1151 missis
902 1090 1116 1165 legatis
1143 1094 1535 1165 quaesiverunt
1562 1112 1638 1149 ex
1664 1094 1815 1157 Deo,
1844 1112 1919 1147 an
1944 1110 2009 1147 ea·
2034 1110 2137 1147 usu
2163 1096 2425 1165 ipsmum.

189 1176 332 1230 mast
355 1168 646 1242 futurum,
673 1171 722 1225 si
763 1188 917 1242 opem
955 1170 1164 1240 ferrent
1201 1173 1466 1229 Graeciae?
1528 1172 1763 1234 Quibus
1812 1171 2021 1245 Pythia
2058 1173 2399 1243 respondit:

190 1256 238 1282 “
265 1247 486 1307 Stulti!
533 1248 985 1321 Conquerimini
1001 1258 1280 1321 quantam
1310 1251 1481 1307 vobis
1506 1250 1893 1323 lacrymarum
1934 1251 2241 1308 materiam
2281 1251 2397 1307 im-

187 1333 230 1358 “
259 1324 508 1386 miserit.
534 1327 758 1392 Minos,
785 1328 966 1383 iratus
1007 1330 1186 1400 quod,
1215 1346 1400 1401 quum
1443 1330 1633 1385 Graeci
1676 1329 1845 1384 vobis
1888 1328 1961 1383 ad
2006 1329 2403 1387 ulciscendam

187 1412 231 1438 “
259 1406 453 1478 ipsius
477 1405 541 1461 in
573 1405 813 1465 Gannico
839 1414 1130 1479 patratam
1153 1408 1374 1465 caedem
1391 1426 1630 1481 operam
1656 1424 1833 1463 suam·
1851 1425 1967 1465 non
1994 1408 2347 1463 contulissen
2357 1419 2401 1477 t,

188 1490 236 1516 “
263 1500 383 1543 vos
405 1484 524 1545 illis
549 1482 626 1542 ad
651 1484 1056 1541 vindicandam
1100 1487 1408 1543 mulierem
1449 1506 1487 1541 a
1528 1486 1777 1543 barbaro
1804 1486 1931 1541 viro
1954 1502 1987 1539 e
2014 1482 2219 1559 Sparta
2265 1504 2427 1559 rap--

187 1569 232 1595 “
263 1570 394 1623 tam
424 1562 612 1627 socios
659 1578 764 1618 vos
807 1558 1232 1633 atliunxistisP’
1293 1565 1360 1623 ld
1391 1581 1739 1637 responsum
1781 1563 1883 1619 ubi
1922 1563 1993 1619 ad
2039 1582 2101 1621 se
2146 1565 2399 1621 relatum

183 1642 509 1702 Cretenses
535 1639 834 1706 audivere,
863 1660 1038 1715 opem
1068 1642 1462 1703 Groecisferre
1490 1641 1953 1715 supersederunt.

207 1762 222 1771 .
277 1724 419 1781 1⁴20.
453 1717 722 1779 Minoem
753 1720 970 1794 quippe
996 1720 1158 1777 fama
1187 1731 1298 1787 est,
1327 1739 1511 1795 quum
1536 1720 1845 1777 Daedalum
1886 1738 2149 1793 quaerens
2196 1723 2257 1776 in
2302 1721 2395 1779 Si-

183 1800 426 1857 caniam
454 1784 892 1871 venisset„q6ae
919 1816 1074 1858 nunc
1101 1799 1299 1857 Sicilia
1341 1808 1609 1867 vocatur,
1633 1798 1897 1857 violenta
1938 1810 2127 1857 morte
2172 1800 2254 1855 ibi
2301 1818 2403 1857 oc-

183 1876 468 1938 cubuisse
491 1893 510 1931 a
553 1872 862 1946 interjecto
901 1885 1102 1933 autem
1141 1886 1404 1951 tempore
1433 1880 1755 1944 Cretenses,
1786 1880 2055 1935 hortante
2082 1878 2234 1943 Deo,
2262 1879 2397 1935 uni-

183 1972 396 2017 versos
419 1962 636 2029 prater
659 1955 1016 2015 Polichnitas
1041 1965 1102 2013 et
1127 1955 1374 2015 Praesios
1400 1974 1625 2032 magna
1660 1975 1795 2013 cum
1838 1958 2021 2013 classe
2047 1954 2109 2013 in
2140 1958 2401 2018 Siciliam

183 2035 516 2112 profectos,
539 2033 746 2091 urbem
779 2034 1108 2100 Camicum,
1137 2052 1316 2109 quam
1353 2052 1489 2091 mea
1526 2042 1699 2093 aetate
1724 2036 2097 2110 Agrigentini
2138 2034 2403 2095 incolue-

183 2120 362 2179 runt,
409 2113 668 2186 quinque
711 2114 884 2171 annis
937 2114 1236 2171 continuis
1285 2132 1695 2189 oppugnasse3
1758 2116 1829 2169 ad
1878 2122 2211 2171 extremum
2238 2134 2403 2185 vero,

181 2203 388 2268 quum
418 2208 527 2251 nec
553 2208 760 2264 cape-re
783 2193 1016 2259 urbem,
1043 2209 1154 2249 nec
1191 2190 1412 2251 diutius
1433 2210 1673 2249 manere
1718 2192 1875 2251 fame
1917 2196 2097 2267 pressi
2141 2203 2403 2265 possent,

185 2291 254 2331 re
281 2270 508 2329 infecta
553 2267 898 2328 discessisse.
989 2270 1250 2329 Eosdem
1293 2270 1529 2337 deinde,
1581 2278 1839 2336 narrant,
1891 2273 2043 2327 circa
2096 2270 2405 2347 Iapygiam

183 2350 576 2423 navigantes,
602 2346 836 2423 ingenti
866 2348 1074 2406 oborta
1113 2357 1464 2422 tempestate
1503 2348 1577 2405 ad
1626 2356 1841 2405 terram
1885 2350 2069 2405 fuisse
2104 2350 2403 2423 adpulsos,

183 2429 518 2501 fractisque
546 2428 816 2493 navibus,
843 2444 1028 2499 quum
1058 2428 1219 2487 nulla
1245 2428 1306 2483 in
1337 2428 1573 2484 Cretam
1603 2426 1883 2483 redeundi
1910 2428 2055 2485 ratio
2079 2428 2405 2501 adpareret,

183 2509 278 2565 ibi
308 2506 620 2571 mansisse,
649 2513 709 2563 et
736 2506 970 2563 condita
996 2504 1186 2579 Hyria
1210 2506 1375 2574 urbe,
1402 2524 1479 2563 ex
1502 2505 1876 2561 Cretensibus
1900 2514 2129 2563 mutato
2154 2509 2405 2563 nomine

185 2588 456 2661 Iapyges
489 2583 836 2658 Messapios,
867 2591 926 2641 et
949 2602 1026 2641 ex
1051 2585 1334 2643 insulanis
1377 2586 1599 2641 incolas
1646 2583 2001 2644 continentis
2028 2603 2153 2641 esse
2177 2585 2363 2641 factos
2384 2602 2403 2641 ι

181 2676 328 2726 tum
375 2662 588 2721 deinde
633 2680 708 2721 ex
750 2663 942 2737 Hyria
973 2663 1222 2737 reliquas
1264 2665 1340 2729 ab
1373 2663 1593 2721 eisdem
1632 2662 1837 2719 ductas
1876 2662 2253 2737 conditasque
2280 2682 2407 2721 esse

180 2743 480 2809 colonias,
507 2758 663 2814 quas,
679 2741 863 2817 longo
887 2738 1192 2812 interjecto
1221 2750 1485 2815 tempore
1516 2751 1773 2799 evertere
1800 2752 2072 2799 conantes
2099 2744 2407 2805 Tarentini

182 2824 504 2897 ingentem
533 2820 758 2878 cladem
787 2820 940 2893 passi
963 2829 1122 2887 sunt,
1148 2828 1214 2877 ut
1241 2821 1426 2879 caedes
1453 2822 1580 2877 haec
1607 2821 1917 2877 hominum
1948 2822 2137 2879 Graeci
2173 2824 2405 2896 generis

183 2901 462 2961 maxima
483 2896 662 2961 fuerit
685 2900 952 2955 omnium
975 2916 1121 2973 quas
1147 2900 1447 2967 novimus,
1477 2908 1599 2956 tam
1641 2900 1902 2973 ipsorum
1932 2900 2405 2969 Tarentinorum,

181 2996 382 3054 quam
431 2978 858 3053 Rheginomm.
936 2978 1028 3035 Ex
1079 2978 1368 3053 Rheginis
1409 2978 1569 3035 enim
1616 2977 1865 3045 civibuS,
1908 2977 2030 3050 qni,
2060 2997 2095 3033 a
2138 2978 2405 3053 Micytho

185 3058 400 3123 Choeri
427 3057 554 3115 filio
577 3057 636 3113 vi
661 3057 874 3122 coacti,
903 3056 1126 3115 auxilio
1152 3056 1485 3115 Tarentinis
1517 3064 1819 3122 venerant,
1848 3073 1919 3111 ea
1942 3057 2248 3113 occasione
2274 3076 2405 3131 per-

183 3140 400 3199 ierant
437 3136 552 3191 tria
591 3135 812 3206 millia3
857 3136 1122 3207 ipsorum
1155 3154 1296 3191 vero
1344 3135 1803 3191 Tarentinorum
1846 3142 2009 3191 tanta
2052 3130 2165 3194 fuit
2202 3137 2403 3191 multi-

181 3216 366 3282 tudo,
413 3222 484 3271 ut
529 3212 664 3271 iniri
703 3231 980 3271 numerus
1023 3232 1141 3271 non
1187 3215 1460 3288 potuerit.
1542 3210 1843 3285 Micythus
1889 3222 2113 3279 autem,
2142 3215 2241 3287 qui
2287 3216 2401 3271 mi·-

183 3296 385 3361 nister
406 3292 526 3349 fuit
547 3292 842 3358 Anaxilai,
865 3292 1082 3367 Rhegii
1111 3293 1344 3349 relictus
1367 3300 1493 3349 erat
1514 3292 1589 3347 ad
1610 3288 2131 3349 administrandam
2153 3294 2359 3352 urbem
2380 3318 2399 3365 3

183 3374 358 3432 idem
399 3372 502 3445 qui
547 3370 762 3435 deinde
803 3371 1043 3445 Rhegio
1097 3372 1318 3443 pulsuS,
1367 3372 1629 3446 Tegeam
1682 3369 1942 3427 Arcadiae
1990 3369 2299 3441 habitavit,
2346 3382 2404 3430 et

185 3450 580 3515 multas-illas
605 3449 902 3523 Olympiae
923 3458 1146 3507 statuas
1173 3451 1481 3507 dedicavit.

201 3578 209 3585 .
278 3535 419 3593 171.
459 3528 570 3587 Sed
595 3528 720 3585 haee
743 3529 816 3585 tle
847 3529 1132 3602 Rheginis
1159 3538 1220 3585 et
1240 3530 1568 3587 Tarentinis
1594 3531 1654 3585 in
1676 3535 2013 3588 transcursu
2036 3530 2193 3589 dicta
2212 3540 2407 3603 sunto,

183 3610 269 3676 In
319 3610 560 3665 Cretam
602 3625 742 3665 vero
783 3605 1126 3667 hominibus
1173 3607 1473 3665 viduatam
1524 3608 1919 3681 immigrasse,
1966 3612 2135 3668 aiunt
2184 3611 2407 3679 Praesii,

183 3688 350 3747 alios
376 3686 664 3753 homines,
689 3687 1062 3759 maximeque
1086 3686 1359 3743 Graecos:
1403 3686 1577 3742 tertia
1600 3704 1737 3746 vero
1766 3695 1899 3760 post
1920 3689 2143 3747 Minois
2172 3689 2403 3747 obitum

185 3765 584 3844 generatione
627 3773 865 3839 gestum
907 3783 1034 3823 esse
1065 3764 1290 3822 bellum
1316 3761 1661 3835 Trojanum,
1688 3764 1749 3821 in
1794 3783 1915 3839 quo
1956 3785 2075 3823 non
2126 3768 2406 3839 postremi

185 3844 424 3911 ordinis
451 3838 748 3913 adjutores
769 3842 1028 3902 Menelai
1055 3844 1362 3913 Cretenses
1383 3843 1567 3900 fuisse
1592 3843 1731 3902 satis
1759 3846 1926 3901 aiunt
1952 3852 2235 3902 constare.
2289 3846 2405 3904 Pro

187 3927 316 3985 ista
347 3938 484 3982 vero
529 3940 710 3996 opera
733 3923 953 3982 Graecis
995 3930 1232 3989 navata,
1273 3931 1583 3996 postquam
1630 3942 1667 3978 a
1690 3919 1871 3993 ‘froja
1918 3925 2221 3983 rediissent
2262 3924 2409 3981 Cre-

189 4012 423 4070 tenses,
451 4001 674 4059 famem
721 4010 1060 4075 pestemque
1084 4011 1144 4059 et
1174 4002 1314 4075 ipsis
1349 4011 1412 4057 et
1453 4001 1733 4077 gregibus
1759 4002 2019 4075 ipsorum
2062 4018 2187 4059 esse
2228 4003 2405 4060 obor-

189 4093 366 4153 tam3
409 4081 689 4153 denique,
716 4079 976 4137 desolata
1019 4081 1234 4139 iterum
1262 4080 1458 4146 Creta,
1484 4081 1687 4153 tertios
1734 4098 1897 4138 nunc
1940 4080 2243 4139 Cretenses
2289 4100 2410 4142 una

195 4179 347 4228 aum
383 4161 504 4231 his,
529 4159 696 4234 qnige
721 4154 1116 4235 superioribus
1155 4159 1378 4233 reliqui·
1407 4158 1680 4233 fuissent,
1722 4177 1859 4223 eam
1898 4158 2179 4220 habitare.
2258 4163 2407 4221 Haec

1157 4242 1164 4249 '
1305 4242 1344 4296 2
1373 4255 1413 4293 Y
1443 4240 1482 4293 2
1764 4240 1769 4249 ’
