2925 4992
543 315 622 372 46
1137 311 1638 374 HERODOTI
1694 311 2065 376 HISTOR.
2106 313 2156 371 1.

627 474 758 530 142.
784 470 980 527 {onas
1001 470 1064 526 hi
1087 479 1308 539 autem,
1328 489 1581 547 quorum
1600 479 1690 534 est
1708 471 1889 529 etiam
1908 469 2269 528 Panionium
2289 467 2459 536 illud,
2480 483 2603 543 prae
2622 481 2763 526 om-

547 551 725 608 nibus
741 567 887 624 quos
911 549 1188 607 novimus
1211 553 1553 608 hominibus
1574 551 1789 626 oppida
1806 551 2045 607 condita
2064 549 2347 606 tenebant
2363 549 2425 604 in
2444 556 2617 604 terrae
2634 554 2763 604 tra-

545 637 644 687 ctu
659 627 942 702 temperie
955 629 1089 684 ooeli
1109 630 1370 703 aerisqw
1383 630 1567 705 longe
1588 630 2083 704 praestant‘sssimo.
2122 627 2365 684 Etenim
2384 643 2579 701 neque
2591 627 2761 682 loco-

545 725 680 764 rum
708 707 975 782 superius
1001 709 1249 764 sitorum
1283 709 1492 765 eadem
1538 709 1689 766 ratio
1714 715 1803 765 est
1848 717 2024 782 atque
2058 706 2270 772 Ioniae,
2293 718 2489 779 neque
2508 705 2765 761 inferius

545 787 830 856 sitorum,
875 803 982 842 nec
1005 803 1208 844 eorum
1249 804 1380 861 quse
1415 788 1705 844 orientem
1730 794 2019 860 spectant,
2048 801 2161 842 nec
2184 803 2320 858 quae
2344 783 2718 840 occidentem
2736 803 2763 842 -2

547 881 802 940 quorum
829 864 946 920 alia
970 864 1188 939 frigore
1218 875 1320 922 aut
1365 867 1715 922 humiditate
1754 872 2125 938 premuntur,
2154 865 2269 936 alia
2294 869 2443 919 aestu
2486 869 2546 918 et
2584 861 2763 918 sicei-

545 952 686 1002 tate.
765 942 1008 1018 Lingua
1046 952 1246 1000 autem
1283 960 1404 1000 non
1449 953 1703 1001 utuntur
1750 945 1975 1010 eadem,
2004 943 2105 1000 sed
2144 950 2401 1016 quatuor
2425 939 2619 997 modis
2654 940 2765 996 de·-

549 1021 890 1078 flexionum.
942 1048 952 1058 ·
983 1021 1182 1078 Prima
1225 1024 1535 1079 civitatum
1581 1023 1829 1080 Miletus
1873 1039 2075 1078 versus
2118 1021 2425 1077 meridiem
2470 1019 2587 1076 sita
2624 1026 2761 1090 est3

549 1101 688 1158 dein
718 1101 896 1176 Myus
917 1107 978 1156 et
1004 1101 1208 1157 Priene
1232 1116 1251 1155 ε
1292 1109 1352 1157 et
1379 1101 1473 1156 hae
1496 1102 1735 1174 quidem
1762 1101 1823 1157 in
1855 1098 2029 1156 Caria
2066 1100 2196 1156 sitae
2232 1107 2390 1169 sunt,
2422 1105 2483 1154 et
2508 1096 2767 1153 dialecto

553 1186 808 1236 utuntur
829 1179 1053 1235 eadem.
1131 1179 1270 1236 lstae
1309 1197 1449 1236 vero
1490 1182 1551 1236 in
1601 1179 1825 1255 Lydia:
1867 1180 2159 1253 Ephesus,
2186 1178 2540 1251 Colophon,
2568 1174 2767 1232 Lebe-

549 1257 684 1324 dus,
713 1258 890 1324 Tene,
919 1258 1312 1324 Clazomenae,
1340 1258 1606 1315 Phocea.
1685 1259 1879 1331 Atque
1916 1259 2009 1314 hae
2046 1257 2333 1323 civitates,
2370 1255 2441 1312 ad
2470 1253 2767 1311 sermonis

551 1338 942 1394 characterem
987 1336 1146 1410 quod
1193 1337 1435 1404 adtinet,
1480 1355 1617 1393 cum
1664 1335 1802 1402 illis,
1850 1353 1995 1411 quas
2045 1341 2187 1392 ante
2234 1333 2554 1400 nominavi,
2608 1332 2768 1388 nibil

551 1431 866 1472 commune
893 1415 1132 1482 babent,
1159 1415 1260 1472 sed
1289 1416 1442 1472 inter
1479 1433 1543 1472 se
1580 1417 1958 1472 conveniunt.
2038 1413 2362 1487 Supersunt
2386 1421 2505 1468 tres
2540 1411 2767 1468 Ionicae

551 1492 838 1560 civitatee,
887 1510 1134 1567 quarum
1185 1495 1316 1552 duae
1367 1494 1590 1552 insulas
1642 1494 1927 1560 incolunt,
1968 1492 2221 1550 -Samum
2276 1499 2453 1565 atque
2506 1490 2761 1547 Chiumz

552 1574 728 1630 tertia
770 1573 830 1628 in
861 1573 1202 1629 continente
1251 1572 1365 1630 sita
1393 1582 1505 1641 est,
1550 1573 1836 1648 Erythrae.
1915 1571 2012 1628 Ex
2050 1571 2143 1627 his
2186 1570 2323 1626 Chii
2366 1578 2428 1626 et
2469 1567 2765 1644 Erythraei

553 1651 758 1708 eadem
783 1657 1036 1708 utuntur
1059 1648 1308 1708 dialecto
1327 1678 1348 1726 3
1393 1650 1576 1710 Samii
1600 1669 1741 1710 vero
1770 1669 1897 1720 sua,
1929 1651 2005 1708 ab
2028 1650 2158 1706 aliis
2180 1649 2426 1706 diversa.
2506 1647 2593 1704 Hi
2619 1653 2765 1704 sunt

549 1738 806 1805 quatuor
834 1731 1120 1786 sermonis
1147 1732 1522 1789 characteres.

635 1813 746 1864 143
789 1808 1026 1865 Horum
1047 1809 1232 1884 igitur
1255 1809 1472 1866 Ionum
1490 1809 1712 1867 Milesii
1730 1811 1847 1866 tuti
1868 1827 1904 1866 a
1924 1816 2091 1867 metu
2110 1817 2302 1880 erant,
2332 1813 2539 1881 utpote
2564 1802 2773 1862 foedus

551 1905 693 1944 cum
721 1888 876 1962 Cyro
917 1887 1089 1960 pacti.
1167 1888 1290 1948 Qui
1327 1896 1528 1946 autem
1550 1907 1629 1945 ex
1658 1890 1879 1946 eisdem
1920 1890 2147 1945 insulas
2188 1886 2551 1951 incolebant,
2570 1901 2647 1939 ne
2670 1883 2766 1940 illi

551 1965 793 2040 quidem
817 1966 1140 2039 quidquam
1175 1967 1553 2024 metuebant:
1600 1968 1857 2024 necdum
1884 1968 2041 2023 enim
2066 1985 2137 2024 eo
2164 1975 2431 2039 tempore
2455 1963 2765 2019 Phoenices

553 2045 864 2101 Persarum
905 2043 1150 2116 imperio
1181 2051 1350 2100 erant
1377 2041 1649 2116 subjecti,
1670 2059 1788 2102 'nec
1813 2046 2007 2102 Persae
2048 2045 2160 2120 ipsi
2196 2061 2361 2101 mare
2400 2041 2767 2102 exercebant.

553 2124 975 2196 Separaverant
1003 2139 1065 2178 se
1091 2130 1290 2179 autem
1319 2123 1384 2179 hi
1413 2123 1591 2180 Iones
1612 2125 1689 2182 ab
1713 2124 1843 2180 aliis
1866 2125 2130 2191 Ionibus,
2156 2125 2591 2198 [societatemque
2604 2123 2770 2176 ‘inter

555 2219 616 2258 se
637 2198 1050 2271 contraxerant]
1085 2218 1203 2257 non
1245 2199 1420 2258 aliam
1457 2204 1539 2258 ob
1578 2219 1873 2267 caussam,
1905 2203 2021 2258 nisi
2060 2203 2244 2278 quod,
2268 2217 2451 2275 quum
2490 2199 2770 2254 universa

551 2286 698 2336 tunc
725 2280 900 2354 stirps
930 2279 1240 2336 Hellenica
1265 2280 1505 2338 infirma
1534 2289 1703 2352 esset,
1728 2281 2086 2356 populomm
2122 2282 2416 2337 omnium·
2434 2275 2768 2334 infirmissi-

556 2375 689 2416 mus
715 2366 776 2415 et
789 2359 1030 2416 minimi
1057 2356 1343 2416 momenti
1371 2359 1551 2416 fuerit
1570 2360 1849 2416 Ionicus-z
1880 2371 2047 2426 nam,
2068 2366 2283 2433 praeter
2298 2359 2579 2422 Athenas,
2602 2356 2773 2412 nulla

553 2437 670 2494 alia
695 2445 820 2494 erat
846 2455 1052 2496 eorum
1093 2438 1296 2494 civitas
1335 2438 1629 2497 notabilis.
1708 2440 1907 2500 Quare
1932 2446 1994 2494 et
2019 2438 2122 2494 alii
2146 2437 2319 2494 Iones
2338 2443 2403 2493 et
2444 2435 2553 2508 ipsi
2580 2435 2769 2490 Athe·

553 2517 788 2574 nienses
813 2533 1034 2574 nomen
1063 2517 1243 2572 etiam
1279 2516 1607 2592 fug-iebant,
1638 2535 1747 2574 nec
1778 2516 1953 2573 Iones
1984 2517 2265 2574 volebant
2288 2513 2604 2590 adpellari:
2646 2513 2767 2569 im-

551 2611 656 2652 mo
683 2596 860 2652 etiam
905 2611 1066 2652 nunc
1105 2594 1416 2670 plerosque
1439 2613 1650 2656 eorum
1690 2595 1874 2669 pudet
1912 2591 2093 2665 hujus
2120 2596 2393 2652 nominis.
2474 2591 2585 2647 Sed
2614 2591 2768 2647 duo-

551 2672 744 2730 decim
785 2670 904 2729 illae
949 2674 1214 2730 civitates
1255 2674 1597 2749 gaudebant
1638 2675 1753 2730 hoc
1793 2675 2053 2741 nomine,
2084 2673 2492 2747 etseparatim
2528 2671 2605 2726 ab
2634 2671 2771 2726 aliis

551 2751 842 2824 templum
871 2751 982 2808 sibi
1009 2759 1361 2819 statuerunt,
1391 2752 1489 2808 cui
1519 2751 1799 2809 Panionio
1842 2753 2155 2826 inposuere
2193 2767 2410 2808 nomen
2432 2776 2449 2822 3
2496 2750 2771 2805 decreve-

553 2837 807 2904 runtque
833 2831 1034 2888 nullos
1061 2829 1208 2886 alios
1238 2831 1412 2887 lonas
1451 2828 1765 2906 participes
1792 2831 1949 2890 illius
1980 2830 2171 2888 facere
2196 2853 2208 2886 ε
2256 2847 2363 2886 nec
2400 2827 2771 2884 verdetiam

548 2907 674 2974 alii,
703 2915 771 2964 ut
795 2910 855 2964 in
879 2909 1244 2966 consortium
1274 2911 1692 2983 reciperentur,
1719 2910 1999 2984 petivere,
2029 2917 2239 2982 praeter
2264 2909 2611 2981 Smyrnaeos.

636 2989 770 3044 144.
811 2987 1002 3044 Simili
1026 2987 1252 3044 ratione
1273 2987 1615 3054 Dorienses,
1637 2989 1984 3063 Pentapolin
2008 3004 2143 3062 quae
2164 3005 2319 3045 nunc
2334 2993 2579 3044 vocatur
2600 2983 2771 3041 inco-

553 3061 770 3134 lentes,
796 3083 929 3141 quae
972 3065 1118 3123 olim
1163 3067 1368 3123 eadem
1395 3067 1723 3142 Hexapolis
1764 3063 2066 3126 nominata
2088 3073 2235 3134 erat,
2264 3072 2479 3122 cavent
2518 3081 2595 3120 ne
2620 3063 2774 3120 alios

551 3144 706 3202 ullos
745 3164 821 3203 ex
865 3141 1136 3202 finitimis
1177 3143 1569 3202 Doriensibus
1612 3146 1675 3202 in
1722 3144 1984 3220 Triopici
2026 3145 2235 3220 templi
2276 3143 2769 3202 communionem

551 3223 876 3297 recipiant3
921 3241 1132 3279 verum
1173 3224 1353 3280 etiam
1389 3241 1499 3281 suo
1522 3225 1595 3280 de
1636 3241 1885 3281 numero
1920 3239 2039 3290 eos,
2068 3221 2169 3297 qui
2207 3225 2487 3282 >adversus
2527 3219 2585 3276 id
2612 3229 2772 3278 tem-

557 3301 728 3375 plum
777 3301 967 3358 scelus
1013 3301 1392 3369 admiserant,
1435 3305 1853 3360 communione
1900 3301 2297 3360 excluserunt.
2373 3302 2533 3359 Nam
2580 3315 2770 3372 quum

501 3441 513 3452 ,
555 3380 620 3435 in
657 3380 814 3436 ludis
837 3380 1067 3453 Triopii
1089 3379 1379 3454 Apollinis
1413 3399 1489 3438 ex
1526 3382 1719 3455 prisco
1756 3383 2037 3438 instituto
2078 3383 2258 3438 aurei·
2280 3379 2537 3456 tripodes
2576 3379 2771 3434 dona-

551 3466 758 3517 rentur
797 3459 1162 3530 victoribus3
1207 3476 1356 3534 quos
1403 3461 1664 3536 tripodas
1706 3457 1810 3534 qui
1848 3467 2210 3534 acceperant,
2252 3461 2345 3517 his
2390 3475 2509 3515 non
2553 3456 2774 3514 licebat

553 3553 656 3594 eos
681 3542 848 3594 extra
886 3537 1178 3610 templum
1219 3547 1561 3613 exportare,
1576 3540 1679 3596 sed
1718 3538 1937 3595 ibidem
1976 3539 2087 3596 deo
2114 3539 2385 3595 dedicare
2412 3535 2766 3610 oportebat,

555 3615 703 3672 civis
731 3616 969 3691 quidem
995 3613 1547 3686 Halicarnassensis,
1574 3619 1671 3675 cui
1698 3633 1917 3674 nomen
1956 3625 2081 3673 erat
2106 3617 2425 3692 Agasicles,
2456 3615 2767 3672 victoriam

555 3711 740 3768 quum
769 3701 1141 3768 reportasset,
1173 3704 1366 3770 spreta
1399 3697 1535 3774 lege
1566 3698 1812 3754 domum
1846 3713 2014 3752 suam
2040 3695 2257 3752 detulit
2294 3692 2581 3769 tripodem
2608 3700 2673 3750 et
2698 3711 2773 3750 ex

555 3774 725 3830 clavo
752 3773 1072 3847 suspendit.
1133 3773 1310 3830 Hanc
1337 3775 1414 3832 ob
1437 3777 1674 3850 culpam
1700 3776 1961 3850 quinque
1987 3772 2272 3842 civitates,
2299 3773 2551 3839 Lindus,
2580 3771 2771 3847 Ialys-

555 3871 676 3918 sus,
701 3853 996 3918 CamiruS,
1013 3853 1151 3922 Coa,
1179 3861 1240 3910 et
1258 3854 1502 3920 CniduS,
1525 3861 1753 3912 sextam
1782 3853 2081 3910 civitatem
2108 3853 2583 3910 Halicarnassum
2602 3867 2773 3908 com-

555 3933 840 3990 munione
859 3931 1234 3987 excluserunt
1254 3949 1272 3986 z
1314 3932 1493 3989 talem
1526 3933 1610 3989 illi
1636 3929 1729 3990 his
1756 3947 1993 4006 poenam
2020 3931 2385 3990 inflixerunt.

641 4011 774 4066 145.
815 4009 993 4086 Quod
1047 4016 1246 4066 autem
1301 4011 1610 4068 duodecim
1662 4011 1931 4068 civitates
1982 4009 2361 4068 confecerunt
2415 4008 2612 4075 loneS,
2658 4023 2771 4064 nec

559 4089 755 4163 plures
781 4088 1097 4145 voluerunt
1125 4088 1400 4162 recipere,
1430 4090 1489 4146 id
1522 4109 1590 4147 ea
1616 4107 1821 4147 caussa
1844 4089 2055 4146 fecisse
2094 4090 2249 4146 mihi
2286 4090 2579 4153 videntur,
2608 4085 2771 4159 quod

557 4168 760 4236 etiam,
779 4183 898 4241 quo
913 4174 1177 4242 tempore
1193 4168 1663 4244 Peloponnesum
1680 4169 2111 4238 habitaverant,
2136 4168 2383 4228 totidem
2402 4181 2611 4224 eorum
2628 4164 2761 4222 fue·
