2925 4992
556 268 667 355 11‘6
1145 292 1644 353 Hanono'm
1707 282 2072 353 meren.
2113 294 2193 355 η.

555 439 798 529 quide&
853 440 1339 525 circumspiciens,
1392 468 1683 525 nusquam
1741 450 1987 509 viderim
2007 472 2034 522 ς
2089 455 2334 529 quesivi
2387 472 2470 516 ex:
2513 456 2620 516 his·
2661 450 2780 533 qui*

556 534 823 607 proxime
868 533 1064 588 lacum
1116 530 1413 597 adcolunt,
1441 531 1546 587 ubi
1593 541 1744 587 esset
1790 532 2014 588 humus
2054 532 2274 591 effossa.
2354 534 2434 592 Et
2480 536 2568 593 ali
2611 540 2796 595 mihi·

554 610 829 667 dixerunt
872 624 988 685 quo
1039 610 1232 665 delata
1275 608 1473 676 fuerit,
1509 606 1808 683 facileque·
1823 620 2238 683 persuaserunt
2255 636 2284 684 3·
2330 628 2530 685 >quum
2559 615 2770 673 auditu

556 690 860 766 cognitum
914 688 1187 744 haberem
1232 684 1424 743 simile
1464 685 1744 761 quiddam
1789 688 1960 754 Nini,
2008 691 2256 765 Assyriae
2303 692 2468 759 urbe,
2511 695 2767 751 factum.

557 768 718 827 Nam
748 766 1163 840 Sardanapalli,
1194 766 1441 839 Assyriae
1484 766 1662 841 regis,
1693 784 1832 840 opes
1877 768 2173 842 ingentes,
2199 770 2494 827 thesauris
2530 772 2768 831 subter-

556 847 751 903 raneis
792 847 1079 911 conditas,
1124 861 1309 918 quum
1355 844 1540 901 furto·
1560 844 1786 901 auferre
1825 847 2262 903 constituissent
2307 851 2625 922 nonnulii3
2685 870 2766 908 ex

554 920 677 982 suis
706 920 927 981 aedibus
966 923 1231 981 fodiendi
1268 922 1445 978 initio
1462 920 1643 993 factu,
1675 924 1784 979 sub
1825 932 1980 980 terra
2013 928 2307 1001 progressi
2347 930 2789 995 suna-fossam·

554 1022 759 1061 versus
784 1005 1009 1079 regiam
1037 1002 1352 1077 dirigentes
1376 1024 1391 1058 z
1436 1001 1688 1058 humum
1715 1016 1858 1059 vero
1881 1002 2151 1060 effossam
2191 1004 2454 1078 quotidie
2485 1008 2610 1063 sub
2649 1026 2766 1065 no-

524 1080 529 1083 ’
555 1092 709 1139 ctcm
740 1084 799 1137 in
826 1082 1034 1157 Tigrin
1080 1098 1339 1146 amnem,
1366 1081 1472 1154 qui
1499 1081 1724 1137 Ninum
1753 1080 2116 1155 praeterfluit,
2159 1093 2527 1157 egessenmt,
2571 1086 2768 1145 donec
2803 1110 2816 1119 ·

555 1161 940 1235 perfecissent
978 1160 1138 1233 quod
1183 1160 1574 1218 instituerant.
1653 1159 1818 1215 Idem
1861 1172 2098 1233 prorsus
2135 1161 2196 1217 in
2227 1162 2506 1220 fodienda
2541 1166 2658 1221 hac
2697 1168 2786 1223 ius

552 1232 821 1315 AEgypto
858 1238 1015 1294 fossa
1060 1238 1281 1294 factum
1326 1254 1451 1293 esse
1497 1237 1725 1306 audivi3
1773 1238 1886 1294 nisi
1931 1240 2088 1311 quod
2131 1256 2254 1295 non
2297 1252 2502 1309 noctu,
2527 1244 2634 1299 sed
2669 1244 2770 1303 in-

554 1318 753 1375 terdiu·
776 1319 851 1373 sit
877 1317 1101 1373 factum
1126 1328 1145 1371 z·
1186 1325 1400 1372 terram
1442 1316 1600 1371 enim
1639 1315 1908 1373 effossam
1935 1319 1997 1373 in
2024 1318 2232 1374 Nilum
2259 1322 2542 1393 egessisse
2563 1322 2766 1398 AEgy-

551 1398 705 1472 ptios
728 1422 745 1467 3
792 1410 971 1471 quam
996 1394 1233 1461 fluvius,
1263 1402 1588 1467 exceptam,
1617 1394 1926 1452 diffusurus
1955 1404 2094 1453 erat.
2176 1395 2308 1453 Hac
2325 1399 2514 1473 igitur
2533 1402 2772 1467 ratione

552 1476 833 1533 effossum
854 1476 1017 1531 hunc
1036 1474 1235 1530 lacum
1260 1478 1517 1529 narrant.
2611 1522 2616 1527 .

636 1558 765 1612 15³1.
808 1554 1111 1610 Duodecim
1136 1570 1280 1629 quos
1306 1553 1427 1607 dixi
1456 1552 1632 1623 Reges
1668 1552 1809 1609 dum
1849 1562 2106 1628 regnant
2136 1550 2429 1625 justitiam
2466 1558 2764 1626 colentes,

553 1634 764 1690 a'ccidit
790 1628 1098 1702 interjecto
1126 1641 1410 1705 tempore,
1436 1639 1527 1697 ut,
1555 1646 1742 1704 quum
1767 1632 2116 1689 sacrificium
2149 1635 2389 1691 solenne
2417 1638 2480 1691 in
2502 1636 2776 1695 Vulcani&

551 1714 775 1787 templo
802 1719 1165 1787 peragerent,
1192 1712 1480 1766 festorum
1509 1709 1734 1765 dierum
1773 1718 2070 1783 postremo
2095 1711 2374 1769 libaturis—
2391 1715 2619 1787 phialas
2647 1734 2770 1773 aua

551 1809 678 1847 reas
726 1790 1015 1847 exhibens·
1049 1806 1317 1845 summus
1359 1788 1646 1853 sacerdoS,
1689 1804 1722 1843 e
1763 1789 1974 1861 quibus
2017 1787 2292 1858 libarent,
2319 1793 2594 1851 aberrans
2637 1811 2760 1851 nu·-

550 1887 738 1935 mero,
766 1868 1042 1925 undecim
1071 1866 1369 1923 exhiberet
1392 1866 1642 1939 phialae,
1671 1882 1857 1939 quum
1893 1879 2088 1925 essent
2111 1870 2224 1945 ipsi
2249 1871 2574 1929 duodecim.
2661 1872 2764 1933 Ibi

552 1956 683 2005 tum
712 1946 1190 2012 Psammetichus,
1221 1952 1383 2001 stans
1418 1952 1746 2017 postremus
1791 1947 2085 2013 omnium,
2111 1964 2296 2021 quum
2329 1951 2594 2023 phialam
2639 1970 2778 2011 nous

548 2026 812 2092 haberet,
858 2026 1090 2099 galeam
1140 2025 1213 2079 de
1258 2023 1449 2095 capite
1485 2023 1808 2079 detractam
1850 2025 2127 2097 porrexit,
2165 2044 2241 2083 ex
2291 2046 2484 2101 eaque
2529 2030 2764 2091 libavit.

552 2106 766 2161 Galeas
809 2112 1007 2159 aut'em
1048 2102 1227 2157 etiam
1270 2101 1483 2175 reliqui
1523 2118 1690 2176 reges
1729 2118 1960 2169 omnes,
2003 2120 2190 2177 quum
2233 2106 2478 2180 alioqui,
2515 2116 2644 2167 tum
2681 2128 2772 2168 eo

549 2182 681 2259 ipso
714 2196 995 2256 tempore,
1023 2182 1357 2256 gestabant.
1441 2180 1905 2237 Psammetichus
1941 2182 2129 2257 igitur
2153 2180 2330 2239 nulio
2349 2186 2586 2259 quidem
2614 2189 2772 2247 dolo

548 2262 708 2319 malo
732 2278 897 2327 usuS,
925 2260 1158 2336 galeam
1208 2266 1561 2333 porrexerat.
1641 2258 1754 2315 Sed
1803 2258 2010 2335 reliqui
2048 2263 2328 2319 undecim
2371 2262 2638 2322 animum
2679 2268 2768 2325 ad

546 2342 661 2397 hoc
721 2339 1138 2396 Psammetichi
1191 2340 1416 2395 factum
1477 2338 1868 2408 advertentes,
1923 2341 2364 2415 cogitantesque
2421 2346 2756 2415 oraculum,

546 2414 704 2494 quod
748 2420 889 2493 ipsis
923 2418 1148 2475 editum
1177 2416 1402 2481 fuisset,
1433 2419 1527 2489 qui
1551 2434 1616 2471 ex
1637 2431 1784 2472 oenea
1820 2417 2014 2489 phiala
2055 2418 2288 2487 libasset,
2315 2438 2438 2477 eum
2461 2424 2638 2480 solum
2663 2442 2766 2482 re«

544 2516 664 2573 gem
674 2496 941 2571 futurum
968 2499 1133 2552 totius
1158 2494 1431 2569 AEgypti,·
1471 2490 1646 2565 hujus
1671 2496 1894 2551 oraculi
1932 2514 2242 2565 memores,
2269 2515 2455 2572 quum
2482 2502 2762 2562 instituta

544 2577 961 2652 perquisitione
1011 2575 1359 2649 reperissent
1403 2590 1525 2629 non
1573 2571 1896 2629 deliberato
1945 2576 2003 2631 id
2055 2594 2092 2631 a
2135 2577 2572 2637 Psammetieho
2625 2600 2806 2654 esse*

546 2658 797 2720 factum,
824 2672 1059 2727 aequum
1086 2653 1325 2727 quidem
1366 2667 1488 2707 non
1529 2651 1844 2709 censebant
1881 2662 1950 2709 ut
1989 2665 2180 2711 morte
2207 2656 2562 2729 plecteretur
2583 2684 2620 2731 3.
2647 2662 2762 2721 sed

545 2733 767 2809 placuit
808 2750 942 2787 eum
984 2728 1045 2787 in
1086 2731 1325 2805 paludes
1356 2731 1624 2805 relegari,
1665 2726 1876 2801 majori
1915 2736 2222 2805 potestatis
2264 2743 2430 2807 parte
2475 2746 2762 2807 exutum,

545 2830 734 2887 neque
776 2812 829 2866 ei
869 2810 1051 2868 licere
1095 2810 1409 2885 paludibus
1452 2809 1730 2866 excedere
1753 2815 1816 2865 et
1843 2811 2360 2887 reliquisAEgypti
2403 2816 2580 2874 rehtu
2627 2836 2760 2877 sese

542 2892 891 2949 immiscere.

626 2974 758 3028 15⁶3.
798 2970 963 3026 Idem
993 2967 1457 3025 Psammetichus
1485 2976 1620 3025 ante
1644 2969 1702 3025 id
1727 2976 1989 3043 tempus,
2009 2968 2374 3029 Sabaoenem
2397 2973 2760 3051 AEtbiopem,

542 3054 830 3115 metuens,
858 3049 962 3122 qui
992 3060 1216 3123 patrem
1246 3049 1427 3121 ipsius
1452 3049 1657 3104 Necon
1679 3048 1994 3113 occiderat,
2019 3051 2078 3104 in
2109 3048 2335 3124 Syriam
2361 3052 2712 3129 profugerat
2733 3080 2758 3115 2

542 3129 669 3195 sed,
694 3131 1007 3202 postquam
1048 3127 1325 3199 AEthiops
1360 3134 1648 3182 nocturno
1679 3128 1804 3182 viso
1831 3124 2064 3184 territus
2088 3128 2360 3203 AEgypto
2378 3134 2753 3205 excessisset,

541 3208 617 3265 ab
643 3206 943 3282 AEgyptiis
972 3203 1163 3260 Saiten
1191 3204 1596 3278 praefecturam
1623 3201 2016 3262 incolentibus
2035 3208 2095 3263 in
2121 3209 2384 3280 patriam
2405 3220 2532 3268 erat
2575 3214 2752 3271 redu·-

543 3294 692 3342 ctuS.
770 3284 949 3340 Nunc
975 3283 1159 3357 igitur
1180 3284 1415 3351 iterum,
1442 3290 1757 3357 postquam
1781 3286 2072 3358 regnavit,
2101 3286 2176 3341 ab
2201 3287 2473 3343 undecim
2503 3292 2754 3367 iegibus

538 3364 603 3421 in
635 3364 905 3419 exsilium
951 3363 1162 3417 missus
1205 3370 1293 3417 est
1336 3362 1397 3417 in
1445 3362 1685 3434 paludes
1710 3369 1950 3434 propter
1971 3364 2222 3439 galeam.
2302 3365 2493 3425 Rarus
2541 3380 2752 3429 autem

537 3438 757 3512 injuste
786 3458 985 3497 secum
1016 3454 1141 3497 esse
1168 3446 1388 3507 actum,
1412 3440 1739 3496 vindictam
1759 3456 1964 3516 capere
1989 3443 2063 3499 de
2085 3446 2556 3515 per-secutoribus
2581 3452 2749 3526 cogi..

536 3521 718 3579 tavit:
764 3532 1061 3595 quumque
1088 3538 1155 3575 ea
1180 3534 1384 3576 caussa
1417 3519 1478 3574 in
1507 3520 1664 3575 Buto
1707 3520 1988 3592 oppidum
2033 3522 2109 3577 ad
2148 3521 2403 3580 Izatonoe·
2431 3530 2748 3587 oraculum

537 3602 811 3667 misisset,
841 3599 997 3673 quod
1044 3598 1481 3655 veracissimum
1524 3598 1796 3673 AEgyptii
1837 3599 2080 3665 habent,
2119 3600 2382 3659 adlatum
2423 3614 2514 3660 est
2551 3606 2612 3661 ei
2651 3626 2748 3665 re·-

536 3686 846 3754 sponsu'm,
873 3684 1158 3733 venturam
1202 3678 1494 3733 vindictam
1519 3694 1554 3730 a
1580 3680 1740 3745 mari,
1771 3680 1988 3748 quando
2025 3681 2161 3735 oenei
2201 3682 2312 3735 uiri
2353 3683 2464 3737 sint
2503 3686 2744 3757 adpari-

538 3762 669 3815 turi.
751 3758 864 3813 Cui
890 3768 1167 3831 responso
1192 3772 1379 3829 quum
1402 3756 1507 3829 ‚igne
1531 3754 1709 3813 fidem
1749 3756 1847 3811 vix
1883 3756 2068 3813 ullam
2109 3758 2432 3823 adhiberet,
2459 3772 2746 3825 venturos

535 3854 728 3895 oeneos
754 3838 912 3892 viros
953 3853 1127 3909 opem
1166 3835 1274 3890 sibi
1316 3835 1572 3903 laturos;
1617 3833 1832 3891 accidit·
1851 3834 2016 3892 haud·
2037 3836 2226 3893 multo
2248 3834 2556 3908 interiecto
2583 3850 2742 3901 tem.

532 3934 697 3991 pore,
722 3924 789 3971 ut
829 3916 1000 3972 Iones
1028 3910 1321 3985 Ceresque
1360 3913 1656 3979 homines,
1699 3912 2024 3987 praedatum
2065 3915 2314 3971 navibus
2351 3918 2631 3990 profecti,
2661 3920 2741 3981 ad

531 3994 867 4070 AEgyptum
915 3992 1303 4056 deferrentur,
1354 3990 1798 4065 tempestatibus
1850 3994 2171 4067 compulsi:
2233 3996 2338 4067 qui
2383 4013 2572 4069 quum
2621 4018 2750 4059 aere

533 4073 745 4129 armati
784 4072 847 4126 in
886 4078 1101 4127 terram
1130 4070 1578 4137 exsceudissent‚
1606 4071 2033 4145 AEgyptiorum
2069 4070 2298 4146 aliquis,
2319 4077 2524 4147 ut-,qui
2565 4096 2743 4139 num·

532 4168 715 4227 quam
740 4156 913 4215 antea
932 4151 1089 4211 viros
1108 4164 1225 4208 aere
1240 4154 1496 4207 armatos
1508 4150 1780 4219 vidisset,
1789 4151 2128 4217 nunciatum
2147 4152 2267 4210 ivit-
2283 4150 2742 4227 Psammeticho,
