2925 4992
936 297 1560 361 MELPOMENE.
2237 302 2358 365 207

166 458 385 535 gienten
410 458 679 531 petivere.
758 455 1099 535 Agathyrsi,
1128 458 1411 515 finitimos
1452 458 1662 534 fugere
1687 456 1953 515 videntes
1987 464 2050 515 et
2085 460 2356 535 exagita-

166 550 247 609 tos
270 555 305 593 ιι
338 538 589 612 Scythis,
638 555 905 613 praecoue
946 539 1151 602 misso,
1194 539 1536 611 priusquam
1581 552 1750 593 suam
1791 537 2072 595 ditionem
2123 539 2354 611 Scytha

164 616 503 682 invaderent,
552 616 865 675 edixerunt
910 617 1046 681 illis,
1076 618 1233 672 intra
1280 616 1425 671 fines
1473 633 1610 673 suos
1652 634 1726 671 ne
1776 617 1982 689 pedem
2021 624 2354 689 ponerent-z

164 694 681 767 praedixeruntque,
708 697 757 753 si
802 696 1077 751 invadere
1120 703 1500 759 conarentur,
1549 712 1748 751 secum
1799 696 1960 767 prius
2009 697 2133 750 fore
2179 695 2357 751 armis

166 774 582 829 decertandum.
663 774 779 831 His
824 792 926 845 per
964 790 1293 849 praeeouem
1334 773 1651 845 praedietis,
1683 772 1756 827 ad
1783 773 1932 829 fines
1959 790 2082 829 suae
2119 773 2358 829 (litionis

134 918 141 921 ,
155 860 359 931 praesto
409 852 677 917 fuerunt,
704 854 1091 909 constitutum
1136 851 1411 907 habentes
1466 852 1770 924 prohibere
1801 852 2160 909 invadentes,
2222 852 2356 907 Me·-

163 926 455 985 l'ancblaeni
498 948 635 985 vero
662 939 723 986 et
752 931 1135 1004 Androphagi
1172 939 1233 986 et
1274 930 1478 997 Neuri,
1511 930 1700 985 Persis
1739 931 1912 985 simul
1953 948 2094 986 cum
2127 930 2358 1002 Scythis

164 1010 631 1083 irrumpentibus,
662 1028 737 1065 ne
780 1010 1023 1065 fortuna
1064 1007 1301 1081 quidem
1345 1026 1642 1065 armorum
1694 1018 1940 1075 tentata,
1967 1009 2138 1065 obliti
2165 1006 2356 1065 mina-

168 1104 315 1151 rum,
332 1088 627 1145 continuo
648 1085 895 1143 ulterius
928 1089 986 1143 in
1012 1088 1309 1143 desertum
1349 1088 1538 1143 territi
1579 1085 1914 1159 turbatique
1957 1086 2362 1174 profugerant.

168 1165 377 1239 Scythae
422 1183 587 1230 vem,
638 1166 715 1221 ab
753 1166 1095 1240 Agathyrsis
1142 1165 1441 1238 prohibiti,
1485 1166 1694 1221 horum
1741 1166 2022 1221 ditionem
2064 1161 2192 1235 jam
2233 1182 2358 1223 non

164 1252 283 1300 sunt
314 1245 585 1319 ingressi,
614 1244 715 1299 sed
744 1262 819 1299 ex
844 1244 1101 1301 Nem-ide
1129 1255 1285 1299 terra
1310 1244 1369 1299 in
1402 1260 1569 1299 suam
1599 1246 1788 1299 Persis
1817 1244 2188 1317 proeimerunt

238 1326 361 1379 126.
402 1322 497 1379 Ita
522 1340 709 1395 quum
740 1331 973 1397 tempus
1014 1325 1439 1387 extraheretur,
1473 1339 1664 1395 neque
1691 1323 1822 1377 linis
1850 1323 2008 1379 ullus
2035 1322 2362 1396 adpareret,

164 1399 383 1467 Darius,
426 1403 617 1460 misso
662 1402 735 1457 ad
784 1400 1195 1475 Idanthyrsum
1252 1402 1599 1473 Scytharum
1635 1418 1847 1473 regem
1891 1401 2108 1474 equite,
2148 1402 2274 1459 haec
2307 1403 2364 1457 ei

166 1476 333 1535 dixit:
412 1488 453 1511 “
485 1479 652 1537 Male
696 1479 901 1537 fei-iate
942 1482 1145 1545 home,
1190 1496 1295 1535 cur
1341 1479 1504 1553 fugis
1545 1495 1802 1551 semper,
1853 1496 1992 1535 cum
2039 1480 2140 1533 tibi
2179 1480 2364 1537 liceat

170 1564 204 1589 “
230 1558 473 1615 duorum
503 1569 713 1617 utrum
742 1558 979 1615 libuerit
1008 1559 1247 1613 facere?
1306 1558 1482 1617 Quod
1524 1560 1572 1611 si
1615 1558 1778 1613 enim
1819 1557 1962 1613 satis
2003 1558 2214 1613 virium
2256 1559 2366 1615 tibi

172 1642 210 1667 “
236 1637 439 1695 videris
470 1638 693 1695 habere
716 1637 787 1693 ad
816 1637 1201 1698 resistendum
1232 1636 1375 1691 meis
1404 1636 1604 1701 rebus,
1635 1632 1774 1691 siste
1799 1636 2072 1709 gradum,
2097 1646 2158 1691 et
2208 1636 2362 1693 desi-

169 1721 204 1745 “
228 1734 363 1774 nens
390 1717 605 1790 vagari
628 1734 890 1805 pugnum
918 1715 1241 1773 committe
1310 1712 1411 1769 Sin
1438 1714 1549 1769 tibi
1575 1712 1844 1770 conscius
1867 1732 1928 1769 es
1945 1731 2072 1771 esse
2093 1714 2360 1783 inferior,

170 1796 405 1851 “etiam
442 1796 529 1851 sie
578 1796 777 1869 vagari
821 1792 1054 1864 desine3
1106 1800 1165 1848 et
1206 1792 1447 1849 domiuo
1491 1804 1596 1847 tuo
1641 1792 1796 1847 «lona
1833 1792 2024 1849 ferens
2065 1801 2282 1853 terram
2305 1804 2366 1853 et

176 1878 465 1946 “equium
495 1874 567 1928 in
594 1873 955 1945 colloquium
990 1873 1163 1929 veni!

244 1958 363 2023 187.
402 1953 493 2009 Ad
530 1954 661 2010 hoec
688 1952 1039 2026 scytharum
1078 1968 1181 2007 rex
1220 1942 1608 2025 ldanthyrsus
1635 1950 1762 2007 haec
1788 1950 2366 2023 respondit.“1ta

177 2032 377 2087 “mihi
406 2048 501 2087 res
530 2030 733 2093 habet,
766 2032 977 2085 Persa:
1020 2029 1291 2103 equidem
1336 2030 1566 2085 nullum
1593 2048 1878 2104 umquam
1909 2030 2210 2085 hominem
2237 2047 2364 2087 me-

175 2114 401 2167 “tuens
438 2108 605 2185 fugi,
648 2126 753 2164 nec
800 2118 941 2163 ante
990 2109 1099 2163 hoc
1142 2118 1399 2179 tempuS,
1444 2126 1552 2164 nec
1585 2126 1744 2165 nune
1791 2118 1848 2163 te
1895 2108 2078 2182 fugio.
2129 2108 2368 2183 Neque

196 2192 393 2245 ‘nunc
418 2204 657 2245 novum
682 2186 981 2259 quidpiam
1010 2186 1189 2251 faciO,
1220 2195 1323 2242 aut
1350 2187 1532 2251 aliud,
1556 2204 1732 2260 quam
1757 2184 1944 2259 quod
1929 2204 1986 2241 ιιι
2009 2204 2150 2259 pace
2177 2187 2369 2245 facere

175 2270 209 2295 “
234 2266 485 2325 adsuevi.
540 2265 735 2326 Quid
762 2266 837 2322 sit
866 2283 1001 2321 vero
1028 2266 1183 2339 quod
1216 2283 1335 2320 nou
1362 2266 1642 2321 contiuuo
1671 2283 1934 2339 pugnam
1963 2274 2164 2321 tecum
2197 2283 2365 2321 com-

176 2350 209 2375 “
235 2346 483 2411 mittam,
514 2344 579 2401 id
606 2360 841 2416 quoque
880 2344 991 2401 tibi
1030 2344 1354 2399 declarabo.
1437 2344 1564 2399 Nec
1599 2344 1818 2416 oppidu
1859 2354 1996 2400 sunt
2040 2343 2232 2408 nobis,
2263 2362 2370 2401 nec

173 2428 208 2473 f‘
234 2425 383 2479 culta
408 2442 579 2488 arva,
608 2422 825 2495 quibus
869 2431 1204 2480 metuentes
1228 2440 1305 2477 ne
1330 2422 1644 2493 capiantur
1671 2429 1776 2477 aut
1803 2428 2130 2487 vastentur,
2163 2440 2371 2497 prope·

173 2506 208 2531 “
232 2520 418 2559 remus
446 2518 719 2576 pugnam
746 2500 1053 2557 vobiscum
1078 2518 1393 2555 conserere.
1475 2501 1576 2555 Sin
1622 2502 1786 2573 cupis
1827 2501 2265 2573 quamprimum
2285 2504 2368 2557 'eo

175 2585 212 2610 “
238 2584 466 2650 venire-3
518 2589 669 2638 eunt
713 2580 879 2635 nobis
924 2581 1115 2652 patria
1156 2580 1457 2652 sepulcra:
1505 2579 1686 2653 agite,
1713 2580 1838 2635 haee
1863 2579 2154 2653 indagate,
2185 2591 2244 2635 et
2278 2596 2370 2636 re-

178 2664 213 2690 “
238 2670 392 2731 perta
416 2658 753 2715 dis-turbare
792 2668 1055 2724 tentate,
1039 2683 1051 2695 ·
1098 2668 1241 2713 tunc
1280 2658 1670 2732 cognoscetiS,
1697 2666 1896 2713 utrum
1941 2677 2048 2731 pro
2089 2660 2370 2731 sepulcris

176 2744 211 2767 “
236 2737 560 2813 pugnaturi
616 2736 801 2793 simus
850 2738 1181 2800 vobiscum,
1238 2754 1311 2793 an
1368 2755 1486 2792 non
1535 2736 1874 2811 pugnaturi.
1987 2734 2152 2793 Prius
2204 2755 2368 2806 vero,

177 2822 212 2845 “
238 2833 409 2902 quam
435 2814 625 2873 nobis
650 2815 802 2871 ratio
828 2815 1097 2879 suaserit,
1128 2832 1391 2887 pugnam
1434 2826 1630 2871 tecum
1670 2834 1788 2871 non
1827 2832 2212 2873 conset-emus..
2292 2818 2374 2875 Et

176 2900 215 2925 “
239 2886 357 2951 haic
382 2895 633 2971 quidem
656 2894 732 2947 (le
761 2911 943 2968 pugn
930 2913 963 2947 ·ι
988 2894 1145 2949 dicta
1167 2902 1357 2949 eunte.
1438 2894 1730 2949 Dominos
1769 2901 1964 2949 autem
2009 2911 2178 2950 meos
2211 2860 2372 2953 solos

176 2979 214 3004 “
240 2974 389 3031 duco
429 2992 567 3031 esse
604 2972 1089 3052 Jovem,1neum
1134 2973 1594 3046 progenitorem,
1625 2980 1684 3025 et
1733 2972 1993 3037 Vestam,
2022 2973 2372 3046 Scytharum

175 3057 214 3082 “
236 3056 529 3129 reginam.
584 3051 723 3107 Tibi
746 3061 967 3116 autem,
995 3051 1126 3105 loeo
1144 3059 1311 3107 terrae
1326 3058 1416 3105 et
1401 3069 1570 3122 aquae
1587 3068 1718 3124 quae
1735 3058 1800 3105 tu
1820 3050 1976 3105 dona
2001 3051 2284 3121 postulas,
2303 3071 2375 3109 ea

173 3136 210 3162 “
220 3132 389 3188 dona
414 3133 661 3189 mittam
684 3146 817 3201 quae
836 3130 910 3186 ad
940 3140 995 3185 te
1024 3130 1182 3195 mitti
1209 3130 1393 3185 decet.
1461 3130 1576 3185 Pro
1603 3146 1672 3183 eo
1696 3146 1856 3193 vero,
1875 3130 2030 3201 quod
2059 3128 2368 3188 dominum

158 3211 212 3257 .“
241 3217 297 3265 te
322 3230 537 3267 meum
564 3224 691 3265 esse
718 3208 936 3273 dixisti,
966 3208 1025 3263 in
1057 3209 1273 3263 malam
1302 3226 1425 3263 rem
1465 3216 1524 3263 te
1557 3203 1742 3277 jubeo
1767 3207 1980 3263 abiress'
2067 3207 2230 3277 (Hoc
2252 3219 2368 3289 est,

169 3288 315 3359 quod
367 3290 567 3361 vulgo
619 3286 841 3352 dicunt,
874 3286 1183 3359 Scythicum
1236 3287 1486 3360 dictum)
1575 3286 1740 3343 Istud
1791 3286 1976 3361 igitur
2029 3304 2372 3360 responsum

172 3384 349 3438 praeco
376 3368 457 3425 ad
478 3365 741 3423 Darium
770 3362 983 3420 retulit.

244 3450 374 3503 128.
414 3447 623 3519 Reges
649 3460 789 3499 vern
815 3444 1185 3519 Scytharum,
1214 3444 1413 3501 audito
1450 3446 1748 3501 servitutis
1788 3446 2052 3511 nomine,
2079 3448 2228 3503 iram
2251 3466 2372 3505 non

176 3530 423 3581 tenuere.
520 3524 713 3598 igitur
738 3523 880 3577 illud
912 3541 1151 3578 suorum
1180 3540 1422 3597 agmen,
1452 3525 1545 3579 cui
1567 3520 1764 3591 juncti
1791 3525 2154 3581 Sauromata}
2179 3535 2372 3592 erant,

176 3605 319 3674 quod
346 3605 459 3661 sub
510 3600 782 3673 Scopasis
822 3609 945 3657 erat
988 3602 1249 3675 imperio,
1280 3602 1351 3657 ad
1384 3602 1603 3657 Istrum
1632 3604 1900 3669 mittunt,
1931 3604 2068 3661 dato
2093 3606 2376 3661 mandato

154 3692 238 3737 ut
260 3682 519 3742 Ionibus
544 3682 607 3737 in
632 3680 995 3753 colloquium
1018 3680 1261 3735 veniant
1288 3681 1399 3745 his,
1430 3681 1530 3753 qui
1581 3691 1816 3753 pontem
1845 3681 2086 3739 in'Istro
2115 3684 2376 3756 positum

152 3761 603 3819 scustodiebant.
684 3757 789 3816 Eis
832 3776 971 3813 vero
1016 3760 1119 3832 qui
1156 3759 1632 3832 relinquebantur
1675 3761 1915 3831 placuit,
1960 3779 2080 3816 non
2125 3762 2378 3833 amplius

180 3838 611 3897 circumducere
636 3837 875 3905 Persas3
920 3837 1043 3901 sed,
1088 3838 1327 3910 quoties,
1364 3838 1564 3893 cibum
1611 3838 1902 3912 caperent,
1945 3841 2018 3895 de
2061 3839 2376 3911 improviso

182 3918 237 3973 in
260 3936 359 3975 eos
385 3920 681 3991 impetum
710 3916 918 3973 facere.
980 3916 1395 3973 Observantes
1434 3917 1622 3992 igitur.
1658 3919 1788 3974 illos
1829 3919 2026 3973 cibum
2063 3918 2378 3989 capiente&

182 4012 303 4067 quae
328 3998 623 4062 decrevere
620 4002 729 4059 tut,
756 3995 1233 4069 exsequebantur.
1312 3996 1391 4051 Et
1428 3958 1756 4069 equitatum
1785 3997 2023 4069 quidem
2050 4006 2382 4056 constanter

186 4074 241 4129 in
270 4075 481 4151 fugam
508 4074 770 4131 vertebat
796 4072 1144 4148 Scytharum
1170 4074 1502 4147 equitatus3
1549 4082 1608 4129 et
1633 4075 1940 4135 Persarum
1971 4075 2196 4148 equites
2235 4077 2382 4153 fuga

188 4152 491 4229 inpeditos
520 4151 899 4212 incidebant..
946 4152 1103 4211 Tum
1132 4171 1283 4211 vero
1322 4154 1622 4229 suppetias
1649 4153 1920 4211 veniebat
1945 4154 2279 4227 peditatus.
2323 4164 2382 4213 et
