2925 4992
593 288 709 352 234
1152 288 1651 351 nan-onom
1706 273 2071 353 ms'ron.
2133 288 2204 351 v.

597 456 640 484 “
667 451 767 508 sed
808 451 999 517 factis,
1032 448 1222 507 habeo
1262 459 1645 526 compertum.
1725 448 1908 509 Nunc
1947 452 2147 528 igitur,
2181 468 2363 525 quum
2385 450 2630 527 'magnas'
2663 457 2734 507 res

597 537 640 563 “
670 530 954 605 gerendas
980 530 1179 586 animo
1202 530 1462 597 volvam,
1493 530 1587 586 fac
1613 530 1862 589 omnino
1889 548 1985 588 me
2012 532 2348 598 con-venias;
2372 538 2438 586 ut
2459 546 2552 587 eas
2574 536 2736 586 tecum

598 611 641 641 ‘'‘
670 609 1151 667 communicem.”
1236 606 1348 665 His
1394 610 1586 665 verbis
1632 610 1810 665 fidem
1851 610 2070 665 habens
2121 608 2430 677 Histiaeus,
2467 608 2738 682 magnique

596 686 819 745 faciens
860 688 1013 763 regis
1054 704 1178 743 esse
1212 688 1594 754 consiliarius,
1627 688 1832 745 Sardes
1873 688 2158 762 pervenit.
2228 689 2361 750 Qui
2396 686 2494 744 ubi
2539 688 2595 743 in
2617 687 2740 761 regis

593 767 757 822 venit
784 776 1185 840 conspectum,
1217 766 1305 821 his
1327 766 1520 825 verbis
1547 779 1683 825 eum
1705 784 1807 822 rex
1833 776 1920 822 est
1947 766 2288 823 adlocutus:
2327 772 2370 800 ‘¹
2396 766 2740 839 Histiaee,vego

596 852 639 877 ‘·'
666 853 726 901 te
748 845 856 900 hac
883 846 1089 901 caussa
1120 846 1410 901 arcessivi.
1491 842 1676 901 Simul
1704 852 1888 917 atque
1907 864 1948 900 e
1974 843 2206 920 Scythia
2227 844 2406 909 red-ii,
2431 853 2601 918 tuque
2621 844 2742 899 mihi

598 930 643 956 “
670 922 839 981 fuisti
867 940 936 979 ex
964 923 1171 984 oculis,
1203 924 1472 996 protinus
1501 924 1720 979 nullius
1747 925 1896 979 alius
1925 924 2006 989 rei
2043 933 2276 981 tantum
2315 940 2412 979 me
2439 922 2741 979 desiderium

598 1008 645 1034 “
673 1003 849 1077 cepit,
888 1018 1065 1081 quam
1110 999 1194 1057 tui
1240 999 1494 1067 videndi,
1533 1009 1590 1057 et
1635 1010 1832 1071 tecum
1879 1018 2171 1067 sermones
2214 994 2496 1059 miscendi
2507 1024 2526 1073 5
2568 998 2744 1073 quippe

495 1149 504 1158 ι
598 1086 643 1112 “
672 1096 916 1155 gnaruS,
946 1080 1219 1139 omnium
1258 1080 1545 1151 bonorum
1590 1081 2074 1164 pretiosissimum
2114 1096 2239 1136 esse
2273 1080 2465 1135 virum
2503 1081 2740 1143 amicum3

596 1164 640 1190 “
668 1158 769 1233 qui
811 1166 933 1214 tam
982 1158 1310 1233 intelligens
1336 1160 1431 1223 sit,
1458 1176 1638 1232 quarn
1669 1156 2023 1215 benevolust
2067 1177 2199 1232 quae
2223 1159 2340 1214 duo
2365 1174 2478 1233 ego
2510 1156 2566 1214 in
2591 1165 2642 1213 te
2663 1156 2742 1211 ad·

596 1242 639 1281 ·“
666 1254 868 1293 versus
911 1255 997 1293 res
1040 1255 1196 1294 meas
1230 1234 1505 1311 cognovi,
1532 1238 1836 1310 inesseque
1877 1238 1982 1292 tibi
2028 1254 2266 1312 possum
2295 1237 2511 1293 testari.
2582 1237 2742 1297 Quare

597 1322 639 1347 “
666 1316 814 1371 bene
855 1315 1045 1371 fecisti
1060 1317 1245 1451 Bquod
1294 1316 1365 1371 ad
1412 1334 1508 1371 me
1548 1316 1867 1382 adveneris,
1906 1316 2130 1389 tibique
2171 1333 2286 1390 ego
2335 1316 2460 1371 haee
2503 1331 2741 1389 propone.

598 1396 641 1438 Π
665 1394 913 1463 Missam
943 1394 1036 1451 fac
1130 1394 1359 1461 iletutn,
1386 1404 1446 1450 et
1487 1412 1680 1451 recens
1705 1394 1998 1451 conditam
2038 1396 2100 1451 in
2125 1395 2374 1451 Thracia
2405 1394 2632 1449 urbem:
2670 1407 2744 1447 me

596 1478 641 1505 “
667 1492 805 1543 vero
834 1484 1073 1547 sequere
1098 1474 1245 1529 Susa
1270 1482 1531 1539 euntem,
1561 1482 1620 1529 et
1649 1474 1797 1531 habe
1823 1488 1956 1547 quae
1979 1491 2092 1549 ego
2121 1473 2330 1540 habeo,
2355 1478 2745 1546 meusqueesto

598 1557 642 1595 Ρ(
668 1552 1083 1613 commensalis
1105 1560 1164 1608 et
1190 1550 1608 1608 consiliariu5.”
1846 1546 1854 1561 ¹

680 1635 776 1697 25.
819 1630 931 1701 His
982 1632 1151 1691 dictis
1193 1632 1432 1696 DariuS,
1479 1638 1790 1711 postquam
1837 1621 2280 1705 Artaphernem,
2321 1629 2560 1687 fratrem
2601 1641 2743 1685 suum
2784 1638 2794 1645 ·

594 1710 801 1767 eodem
830 1719 993 1783 patre
1036 1717 1263 1780 natum,
1293 1702 1636 1784 praefectum
1672 1712 2000 1767 nominavit
2025 1707 2313 1775 Sardium,
2344 1712 2494 1766 Susa
2518 1717 2598 1765 est
2637 1724 2746 1781 pro-

596 1789 805 1855 fectuS,
838 1788 1151 1845 Histiaeum
1190 1806 1387 1845 secum
1414 1789 1654 1845 ducenS.
1739 1786 1937 1865 Copiis
1974 1806 2113 1844 vero
2151 1789 2465 1845 maritimae
2501 1798 2610 1844 orae
2631 1802 2748 1859 prae·

593 1868 918 1924 sidentibus
966 1868 1173 1923 ducem
1224 1869 1548 1923 nominavit
1595 1868 1892 1939 Otanem;
1953 1864 2120 1939 cujus
2166 1874 2398 1941 patrem
2443 1864 2744 1928 Sis-amnem,

592 1964 782 2016 unum
806 1965 879 2003 ex
913 1944 1206 2017 judicibus
1240 1947 1437 2020 regiis,
1465 1946 1784 2021 Cambyses
1811 1964 1934 2013 rex,
1963 1940 2118 2020 qu'od
2146 1950 2386 2018 accepta
2427 1945 2657 2019 pecunia
2676 1943 2748 1997 in·
2841 2006 2846 2011 ,

584 2020 808 2103 justam
852 2025 1291 2097 pronunciasset
1327 2026 1703 2091 sententiam,
1727 2021 2118 2089 interfecerat,
2146 2024 2565 2101 interfectoque
2595 2029 2747 2079 totam

592 2104 920 2161 detraxerat
944 2098 1179 2178 pellem,
1197 2110 1255 2175 et
1279 2103 1471 2159 scissis
1489 2122 1561 2159 ex
1578 2104 1836 2162 detracta
1861 2104 2011 2177 pelle
2039 2100 2178 2158 loris
2204 2102 2532 2160 intenderat
2557 2101 2746 2165 sellam,

592 2183 657 2237 in
685 2199 803 2255 qua
829 2182 928 2237 ille
955 2182 1159 2237 sedens
1178 2176 1280 2251 jus
1307 2181 1568 2256 dixerat:
1611 2200 1728 2257 qqo
1755 2180 1912 2257 facto
1938 2199 2042 2255 rex
2067 2182 2256 2237 filium
2277 2177 2542 2252 ejusdem
2565 2181 2749 2235 sisam-

592 2261 703 2326 nis,
734 2279 909 2335 quem
949 2260 1329 2317 interfectum
1370 2262 1783 2331 excoriaverat,
1816 2262 1876 2320 in
1915 2259 2334 2333 patr-islo'cum
2381 2260 2750 2335 nominaverat
2833 2282 2842 2298 =

586 2335 872 2411 judicem,
903 2340 1197 2397 monitum
1222 2348 1291 2395 ut
1320 2340 1718 2396 recordaretur
1740 2338 1975 2411 quana'm
2002 2342 2059 2394 in
2082 2338 2217 2394 sella
2243 2337 2342 2410 jus
2367 2340 2542 2399 dicens
2565 2337 2753 2399 sederet·

586 2417 591 2427 “
671 2418 929 2488 zea-Hic
970 2420 1159 2493 igitur·
1180 2418 1424 2483 OtaneS‚
1454 2420 1551 2493 qui
1595 2420 1657 2473 in
1705 2418 1808 2473 illa
1833 2418 2033 2474 sedere
2055 2418 2200 2474 sella
2229 2413 2431 2488 jussus
2457 2424 2592 2482 erat,
2617 2428 2751 2471 nune

594 2516 891 2563 successor
915 2494 1147 2571 imperii
1174 2495 1342 2553 datus
1368 2498 1717 2571 MegabazO,
1739 2497 2057 2571 Byzantios
2077 2496 2231 2570 cepit
2253 2503 2316 2553 et
2333 2493 2749 2556 Calchedonias:

594 2578 969 2633 Antandrum
1019 2576 1159 2634 item
1217 2576 1578 2651 expugnavit
1620 2577 1683 2631 in
1735 2574 1964 2631 Troade
2020 2582 2194 2641 terra,
2243 2582 2305 2631 et
2345 2573 2750 2649 Lamponiumf

518 2721 520 2725 ι
593 2655 826 2721 deinde,
876 2655 1127 2728 acceptis
1170 2672 1203 2713 a
1247 2653 1474 2711 Lesbiis
1528 2654 1799 2721 navibus,
1845 2654 2147 2729 Lemnum
2195 2652 2349 2729 cepit
2397 2662 2458 2710 et
2497 2650 2750 2715 Imbrum,

594 2740 903 2807 utramque
929 2752 1031 2805 per
1058 2733 1113 2788 id
1142 2740 1375 2806 tempus
1400 2732 1589 2789 adhuc
1615 2752 1650 2788 a
1676 2732 1936 2811 Pelasgis
1967 2732 2308 2807 habitatam.
2407 2726 2412 2730 ’

674 2818 768 2884 27.
815 2810 1069 2888 (Lemnii
1096 2812 1297 2885 igitur,
1325 2812 1560 2867 fortiter
1584 2811 1816 2884 quidem
1860 2818 2197 2885 pugnantes
2225 2812 2672 2885 resistentesque,
2694 2804 2754 2862 nd

594 2899 923 2954 extremum
951 2892 1105 2946 male
1130 2889 1267 2945 sunt
1306 2889 1542 2957 adfecti.
1622 2892 1740 2955 Qui
1767 2910 1840 2946 ex
1864 2886 1956 2945 his
1991 2889 2202 2963 reliqui
2227 2888 2414 2957 fuere,
2443 2892 2514 2947 iis
2536 2888 2753 2965 Lycare·

593 2978 712 3038 tuS,
736 2969 1042 3027 Maeandrii
1076 2968 1278 3041 frater,
1310 2969 1461 3045 regis
1495 2969 1674 3041 Sami,
1704 2988 1739 3024 a
1766 2968 1954 3025 Persis
1979 2976 2070 3024 est
2107 2968 2437 3043 praefectus.
2516 2968 2574 3025 Is
2595 2968 2752 3041 Lyca-

592 3058 770 3115 retus,
810 3048 1042 3104 Lemno
1092 3045 1405 3121 imperans,
1447 3058 1717 3121 mortuus
1761 3047 1892 3117 est.)
1933 3047 2158 3106 Omnes
2205 3048 2348 3121 istos
2399 3049 2570 3122 [quos
2611 3058 2756 3117 supra

590 3126 742 3199 dixi]
774 3129 834 3184 in
856 3122 1194 3183 servitutem
1225 3125 1447 3201 redegit
1471 3128 1786 3201 evertitque
1813 3124 2116 3201 [Otanes]‚
2139 3127 2202 3181 in
2226 3119 2619 3201 alipseulpam
2643 3140 2756 3181 con·

590 3206 784 3263 ferens
830 3206 984 3279 quod
1039 3205 1356 3259 desertores
1408 3200 1653 3261 fuissent
1699 3203 1980 3278 Scythica}
2033 3204 2458 3278 expeditioni53
2517 3207 2576 3261 in
2615 3203 2753 3264 alios,

589 3285 747 3359 quod
790 3284 1107 3341 exercitum
1149 3290 1457 3338 vexassent
1497 3282 1664 3339 Darii
1695 3302 1728 3338 e
1755 3284 1992 3357 Scythia
2031 3291 2446 3341 revertentem.-
2520 3282 2642 3340 Has
2678 3276 2756 3335 ille

592 3381 683 3421 res
724 3364 927 3439 gessit,
954 3362 1097 3417 dum
1126 3362 1238 3417 hoc
1264 3361 1479 3417 ducatu
1528 3361 1764 3419 functus
1813 3370 1937 3419 est:
1981 3362 2079 3418 sed
2126 3378 2246 3422 non
2289 3363 2396 3419 diu
2419 3356 2574 3437 :post
2614 3355 2756 3417 malis

592 3442 707 3515 fuit
736 3443 1042 3511 resolutus·
1740 3454 1748 3465 ·
1788 3464 1796 3471 ’
2289 3466 2296 3477 ·
2421 3450 2454 3461 ·“
2587 3450 2594 3459 ’

673 3524 767 3577 ΞΒ.
808 3520 890 3576 Et
916 3538 1058 3575 mox
1085 3537 1155 3575 ex
1182 3519 1353 3575 Naxo
1388 3527 1447 3576 et
1483 3517 1694 3576 Mileto
1720 3527 1922 3578 exorta
1947 3540 2146 3578 rursus
2181 3520 2508 3577 mala-sunt
2532 3516 2757 3575 Ionibus.

587 3590 798 3673 Naxus
865 3618 925 3655 er
950 3599 1007 3654 id
1038 3606 1269 3672 tempus
1290 3600 1736 3655 omnesinsulas
1759 3601 2058 3675 opulentia
2083 3600 2412 3673 superabat.
2443 3598 2756 3671 Eademque

592 3618 949 3753 tempesfate·
969 3678 1197 3733 Miletus
1222 3686 1282 3733 et
1310 3693 1415 3751 per
1440 3695 1501 3734 se
1522 3678 1644 3751 ipsa
1673 3680 1884 3754 magis,
1907 3696 2085 3754 quam
2104 3683 2407 3753 umquam,
2439 3677 2688 3741 florebat,
2712 3678 2759 3726 et

589 3760 877 3815 universae
902 3756 1089 3813 Ioniae
1115 3757 1379 3830 princeps
1408 3757 1750 3814 habebatur.
1832 3759 2238 3832 Superioribus
2267 3776 2404 3815 vero
2431 3752 2756 3828 temporibus

510 3892 513 3898 .
588 3838 794 3893 eadem
822 3838 1026 3903 civitas
1070 3852 1173 3907 per
1212 3834 1357 3890 duas
1402 3830 1709 3891 hominum
1748 3838 2152 3911 generationes
2189 3836 2755 3907 seditionibus-quam

588 3912 848 3973 maxime
891 3915 1084 3971 fuerat
1130 3908 1379 3977 adflicta,
1424 3914 1613 3969 donec
1661 3932 1750 3969 res
1801 3910 1923 3985 ejus
1960 3924 2421 3989 composuerunt
2451 3914 2630 3970 Parii:
2668 3911 2755 3965 hos

586 3996 751 4051 enim
782 4014 852 4049 ex
880 3992 1157 4049 omnibus
1184 3992 1401 4047 Graecis
1428 3992 1832 4049 conciliatores
1857 3996 2160 4069 elegerant
2187 3993 2420 4051 Milesii.

628 4064 637 4078 ⁵
669 4074 767 4130 29.
811 4072 1207 4127 Conciliat-unt
1232 4068 1331 4125 eos
1358 4078 1556 4125 autem
1579 4070 1736 4127 Parii
1769 4072 1878 4127 hoc
1909 4074 2104 4129 modo.
2187 4072 2506 4145 Postquam
2535 4072 2676 4126 cives
2698 4082 2754 4121 ex

492 4220 499 4225 Ι
586 4148 681 4208 his
713 4147 1060 4206 nobilissimi
1086 4148 1361 4205 Miletum
1388 4158 1808 4227 pervenerunt,
1841 4168 2026 4224 quum
2066 4147 2318 4225 pessime
2342 4151 2496 4223 apud
2525 4150 2648 4205 iilos
2671 4144 2754 4200 ad-

588 4231 980 4305 ministratam
1006 4228 1273 4303 viderent
1295 4246 1419 4285 rem
1446 4227 1849 4305 domesticam,
1879 4231 2150 4288 dixerunt
2194 4246 2505 4307 peragrare
2533 4244 2596 4285 se
2628 4221 2751 4281 velle
