2925 4992
924 288 1613 357 TERPslcu'onn.
2245 304 2363 361 233

194 452 231 507 5¹
248 448 575 523 offerimus,
620 470 741 527 quo
772 452 1165 529 cognocentis,
1192 470 1299 511 nos
1340 454 1505 513 omni
1547 454 1838 515 honorum
1955 470 2117 523 nere,
2141 457 2360 531 quibus

192 533 231 559 “
254 528 417 605 digni
456 532 616 599 estis,
657 549 761 589 vos
804 549 929 589 esse
972 541 1360 607 prosequutos
1380 559 1399 605 3
1442 540 1626 607 utque
1663 536 1844 591 etiam
1876 472 2074 611 Ἠεςὶ,
2110 536 2210 609 qui
2251 554 2360 598 vos

188 611 228 671 .“
250 608 420 677 misit,
445 611 826 683 -renuneietis,
855 612 1051 669 virum
1088 610 1389 681 Graecum,
1418 612 1786 674 Macedoniae
1811 613 1923 671 sub
1951 612 2042 669 Re
2089 613 2136 669 is
2163 616 2358 689 auspi·

188 690 228 741 5⁵
250 686 726 762 ciispraefectum,
750 690 913 749 laute
936 706 1041 747 vos
1062 697 1127 747 et
1150 707 1350 747 mensa
1378 700 1437 749 et
1461 692 1614 751 lecto
1629 676 1974 765 Excepisse?
2082 709 2164 747 aee
2189 692 2358 751 locu·

184 768 271 823 tus
298 766 644 835 Alexander,
675 766 855 839 juxta
892 786 1189 843 quemque
1225 769 1465 826 Persam
1505 770 1700 827 virum
1739 770 2152 837 Macedonem,
2190 772 2358 845 quasi

185 843 466 909 mulierem
493 862 726 920 nempe,
752 847 1013 905 adsidere
1026 842 1246 917 jussit:
1292 848 1395 921 qui
1422 866 1565 905 mox
1591 848 1815 917 Persas,
1844 856 2200 907 contrectare
2224 850 2358 907 illos

184 931 461 992 conantes,
489 924 930 993 interfecerunt.

248 1004 335 1059 21.
372 1002 509 1059 Hoc
534 1003 720 1079 igitur
738 1004 917 1063 modo
936 1004 1001 1061 hi
1026 1004 1345 1079 perierunt,
1362 1011 1423 1061 et
1446 1005 1580 1079 ipsi,
1598 1011 1658 1061 et
1687 1003 1922 1063 illorum
1949 1004 2350 1067 famulitium:

182 1094 305 1146 nam
328 1089 385 1139 et
410 1082 693 1156 plaustra,
706 1090 771 1141 et
797 1078 1029 1150 famuli,
1042 1090 1105 1139 et
1128 1085 1317 1140 multa
1338 1082 1728 1157 adparatuum
1757 1100 1976 1159 genera
2003 1083 2134 1143 illos
2155 1096 2358 1146 secuta

180 1167 325 1217 erant
341 1184 360 1231 3
404 1176 538 1235 quse
556 1162 763 1219 omnia
786 1162 969 1233 simul
992 1178 1133 1219 cum
1158 1162 1297 1237 ipsis
1324 1168 1707 1219 evanuerunt.
1725 1150 1746 1172 ‘
1789 1162 1966 1219 Haud
2003 1165 2194 1221 multo
2221 1176 2357 1239 post

178 1251 299 1294 vero
334 1241 481 1297 acris
521 1240 821 1315 inquisitio
848 1242 1061 1297 horum
1086 1240 1348 1298 virorum
1386 1258 1595 1297 caussa
1621 1258 1658 1297 a
1683 1239 1871 1297 Persis
1916 1242 2186 1300 instituta
2227 1255 2350 1301 est:

176 1316 263 1371 sed
286 1317 647 1393 inquirentes
672 1319 1004 1377 Alexander
1043 1318 1298 1376 inhibuit
1324 1320 1730 1393 continuitque
1770 1335 1924 1387 astu,
1951 1329 2010 1377 et
2035 1322 2222 1379 multa
2251 1340 2352 1397 pe-

174 1395 347 1463 cunia,
372 1401 431 1455 et
458 1415 661 1458 sorore
688 1414 816 1466 sua,
844 1400 937 1455 cui
968 1415 1189 1455 nomen
1218 1406 1343 1455 erat
1369 1399 1616 1474 Gygaea,
1645 1399 1706 1456 in
1742 1398 2185 1457 matrimonium
2213 1402 2352 1459 data

172 1471 419 1545 Bubaroe,
446 1477 580 1547 viro
609 1477 815 1547 Persae,
836 1476 971 1534 duci
998 1494 1205 1535 eorum
1226 1477 1444 1556 quibus
1466 1476 1767 1551 inquisitio
1795 1477 2007 1533 borum
2037 1480 2136 1552 qui
2167 1482 2350 1552 perie-

174 1560 287 1608 rant
310 1556 587 1613 mandata
608 1564 749 1614 erat.
808 1554 903 1615 Ita
928 1554 1235 1613 Persarum
1264 1556 1514 1613 istorum
1540 1554 1726 1611 caedes
1753 1555 1989 1613 silentio
2015 1575 2351 1633 compressa

172 1638 263 1687 est.

170 1752 175 1758 .
236 1713 324 1768 22.
358 1710 567 1769 Fuisse
594 1696 703 1769 hos
734 1732 773 1771 a
796 1712 1075 1771 Perdicca
1110 1710 1391 1769 oriundos
1440 1712 1783 1787 (Amyntam
1822 1719 1882 1769 et
1921 1712 2344 1787 Alexandrum)

166 1787 395 1865 origine,
413 1800 484 1848 ut
516 1792 629 1865 ipsi
653 1793 847 1859 aiunt,
872 1792 1133 1857 Graecos,
1158 1797 1219 1850 et
1244 1808 1357 1867 ego
1381 1809 1586 1847 verum
1611 1809 1735 1849 esse
1761 1792 1903 1860 scio,
1931 1800 1989 1848 et
2015 1793 2075 1849 in
2099 1809 2349 1867 sequen-

166 1867 307 1931 ‚tibus
330 1868 591 1928 historiis
617 1870 1035 1939 demonstrabo
1062 1868 1297 1927 Graecos
1323 1869 1522 1927 fuisse.
1590 1870 1972 1947 Agnoverunt
2001 1890 2139 1931 vero
2167 1873 2348 1931 etiam

162 1942 239 2013 «hi.
264 1948 359 2021 qui
380 1949 685 2024 olympiae
712 1949 1037 2007 certamina
1062 1946 1405 2007 Graecorum
1433 1948 1864 2021 administrant,
1892 1950 1975 2007 ita
1999 1968 2064 2007 se
2093 1968 2214 2007 rem
2243 1952 2350 2008 ha-

169 2022 307 2083 bere.
380 2026 627 2085 Etenim
666 2046 851 2101 quum
891 2027 1219 2085 Alexander
1260 2026 1602 2085 solennibus
1639 2028 1798 2085 ludis
1830 2034 2069 2103 cuperet
2108 2038 2349 2097 certare,

168 2104 313 2163 etob
334 2104 389 2162 id
432 2107 635 2180 ipsum
668 2106 1011 2181 Olympiam
1044 2114 1198 2163 esset
1231 2104 1548 2181 profectus,
1578 2107 1795 2174 Graeci,
1825 2108 2178 2180 quibuscum
2205 2126 2350 2165 con-

160 2198 423 2243 cursurus
444 2194 603 2253 erat,
626 2186 935 2243 excludere
960 2201 1097 2259 eum
1123 2185 1437 2241 voluerunt
1461 2210 1479 2254 3
1525 2184 1801 2252 dicentes,
1835 2186 2203 2242 Barbarorum
2242 2205 2351 2243 non

156 2278 258 2325 eote
280 2262 375 2319 hoc
396 2271 697 2331 certamen,
718 2266 818 2323 sed
854 2265 1179 2321 Graecorum.
1216 2263 1297 2319 At
1316 2262 1666 2331 Alexander,
1689 2272 2002 2337 postquam
2030 2282 2092 2319 se
2117 2266 2351 2339 origine

156 2358 275 2403 ‚esse
298 2342 597 2419 Argivum
624 2343 1069 2409 demonstravit,
1097 2342 1339 2399 Graecus
1382 2359 1509 2397 esse
1545 2338 1840 2412 judicatus
1883 2351 2006 2409 est3
2049 2349 2132 2407 et,
2161 2361 2347 2417 quum

166 2421 331 2480 audio
367 2430 522 2481 esset
548 2431 897 2490 certaturus,
924 2438 1049 2479 sors
1074 2420 1128 2477 ei
1156 2438 1295 2477 eum
1321 2420 1514 2494 prImo
1541 2420 1771 2478 excidit.
1849 2420 1933 2477 Et
1958 2420 2082 2477 haee
2109 2422 2346 2494 quidem

160 2498 237 2555 -ita
256 2508 415 2574 gesta
441 2509 602 2562 sunt.
652 2562 659 2567 .

232 2581 323 2635 23.
360 2579 789 2653 Meflanus,
817 2580 1061 2653 Paeonas
1086 2578 1325 2645 ducens,
1350 2576 1422 2635 ad
1453 2576 1913 2651 Hellespontum
1955 2585 2340 2653 pervenerat3
2441 2593 2452 2605 ·

158 2654 407 2732 indeque,
450 2678 525 2723 eo
574 2656 849 2729 trajecto,
880 2658 1085 2715 Sardes
1124 2656 1404 2733 pervenit.
1486 2656 1806 2730 Quumque
1851 2674 1957 2731 per
2003 2657 2060 2712 id
2109 2665 2344 2735 tempus

163 2733 423 2795 Histiaeus
445 2736 720 2805 Milesius
741 2736 873 2807 jam
899 2755 1071 2795 muro
1097 2736 1357 2792 muniret
1378 2726 1580 2791 locum
1608 2752 1766 2803 eum,
1784 2751 1960 2808 quem
1985 2736 2142 2793 dono
2164 2738 2219 2793 ei
2244 2738 2344 2794 de·

152 2812 307 2873 derat
325 2812 929 2883 Darius,·mereedem
954 2814 1231 2875 custoditi
1271 2814 1465 2889 pontis
1485 2838 1504 2883 3
1551 2814 1654 2887 qui
1678 2814 1840 2871 locus
1866 2813 1940 2869 ad
1966 2812 2344 2885 Strymonem

152 2890 390 2953 fluvium
416 2904 533 2962 est,
560 2902 623 2953 et
648 2896 950 2970 Myrcinus
984 2901 1263 2963 vocatur;
1306 2892 1704 2967 Megabazus,
1726 2892 1965 2967 cognito
2005 2894 2162 2966 quod
2203 2912 2344 2969 age-

165 2969 251 3029 bat
292 2970 598 3041 Histiaeus,
650 2973 1005 3049 simulatque
1056 2990 1197 3030 cum
1242 2970 1574 3037 Paeonibus,
1619 2986 1768 3042 quos
1819 2970 1944 3045 regi
1994 2971 2342 3039 adducebat,

164 3049 349 3112 sardes
388 3053 679 3127 pervenit,
710 3052 833 3109 haec
864 3052 1221 3125 ariDarium
1263 3047 1438 3107 verba
1481 3048 1659 3106 fecit:
1713 3054 1757 3081 “
1785 3048 1840 3103 O
1868 3067 1990 3115 rex,
2021 3060 2342 3122 quamnam

164 3133 199 3158 “
222 3138 285 3187 tu
322 3150 447 3189 rem
484 3130 725 3189 fecisti?
768 3130 1021 3189 Homini
1045 3130 1273 3196 Graeco,
1302 3127 1421 3185 acri
1446 3134 1507 3182 et
1541 3126 1754 3183 callido
1794 3126 1999 3183 urbem
2039 3128 2344 3202 possiden-

164 3212 203 3239 “
226 3208 357 3268 dam
396 3206 613 3267 dedisti
654 3211 717 3279 in
741 3209 1015 3276 Thracia,
1046 3210 1155 3267 ubi
1192 3208 1427 3283 copiosa
1469 3204 1539 3261 ad
1585 3206 1996 3262 construendas
2040 3222 2214 3262 naves
2256 3214 2346 3263 est

163 3288 201 3316 “
224 3290 479 3359 materia,
506 3296 569 3345 et
592 3289 849 3345 multum
876 3296 965 3347 est
993 3287 1143 3365 ligni
1172 3281 1546 3343 conficiendis
1575 3284 1751 3340 remis
1793 3285 2005 3351 idonei,
2031 3292 2093 3340 et
2116 3287 2347 3360 argenti

163 3368 198 3395 “
218 3367 451 3431 metalla
472 3392 490 3439 3
520 3374 589 3433 et
612 3366 948 3441 frequentes
964 3367 1187 3440 circum
1205 3364 1480 3421 habitant
1507 3363 1715 3427 Graeci,
1733 3358 2182 3437 frequentesque
2209 3363 2344 3420 bar·

163 3446 199 3472 “
225 3442 362 3513 bari,
391 3444 493 3520 qui
522 3447 682 3502 hunc
709 3446 919 3503 ducem
946 3446 1121 3512 nacti,
1150 3441 1366 3499 facient
1392 3440 1672 3516 quidquid
1705 3441 1803 3497 ille
1835 3440 2076 3512 jusserit
2101 3443 2224 3499 sive
2249 3438 2345 3500 die

161 3525 203 3551 “
226 3523 341 3583 sive
366 3532 561 3587 noete.
644 3524 739 3583 Tu
778 3526 959 3601 igitur
991 3526 1154 3583 hunc
1177 3524 1371 3578 virum
1398 3522 1514 3576 ista
1539 3529 1817 3593 agentem
1844 3519 2047 3578 inhibe
2069 3546 2084 3589 3
2133 3538 2208 3576 ne
2233 3520 2344 3578 do-

160 3603 203 3629 “
222 3604 460 3661 mestioo
492 3604 779 3679 premaris
810 3603 1003 3675 be1103
1051 3603 1167 3661 leni
1200 3618 1339 3657 vero
1370 3599 1548 3655 modo
1575 3598 1778 3653 inhibe
1801 3598 1871 3655 ad
1900 3608 1959 3656 te
1988 3599 2342 3657 arcessitum.

161 3682 199 3709 “
223 3678 541 3759 Postquam
568 3691 769 3739 autem
794 3683 854 3739 in
878 3688 1167 3757 potestate
1195 3697 1334 3735 eum
1363 3676 1658 3744 habueriS,
1687 3677 1885 3735 danda
1908 3696 2085 3753 opera
2110 3694 2186 3732 ne
2213 3694 2342 3733 am·

160 3761 195 3786 “
218 3758 367 3831 plius
391 3761 495 3818 ine
518 3761 593 3817 ad
620 3760 855 3819 Graeeos
882 3759 1235 3835 perveniat.”

225 3840 314 3894 24.
356 3838 506 3897 Haec
544 3841 775 3896 locutus
813 3840 1179 3915 Megabazus
1221 3837 1393 3893 facile
1420 3834 1605 3891 Dario
1646 3832 1953 3909 persuasit,
1986 3832 2343 3909 intelligenti

159 3922 295 3971 recte
322 3917 494 3981 illum
527 3918 733 3975 futura
770 3920 1113 3993 prospicere.
1194 3916 1426 3973 Deinde
1464 3915 1533 3969 ad
1571 3914 1886 3971 Histiaeum
1914 3914 2167 3985 Myrcini
2211 3932 2342 3968 ver-

156 4001 363 4052 santem
407 3998 689 4063 nuncium
733 3996 891 4053 misit
931 3997 1167 4061 Darius,
1195 3993 1297 4069 qui
1336 3995 1461 4049 haee
1489 3996 1537 4047 ei
1580 3993 1830 4049 dicei-etz
1877 3998 1919 4023 ‘⁶
1948 3988 2210 4057 Histiaee,
2243 4010 2343 4047 rex

160 4075 198 4099 “
218 4069 429 4133 Darius
469 4076 595 4131 haee
632 4076 753 4131 ait:
798 4076 953 4149 Ego,
986 4074 1243 4131 studiose
1283 4089 1574 4147 quaerens,
1613 4072 1913 4126 neminem
1956 4072 2201 4143 reperio,
2238 4073 2341 4143 qui

159 4154 191 4177 ‘⁶
222 4150 362 4209 mihi
404 4154 671 4228 meisque
708 4153 883 4211 rebus
909 4155 1123 4231 magis,
1149 4169 1326 4227 quam
1368 4160 1457 4217 tu,
1489 4148 1718 4207 faveat:
1765 4149 1939 4221 idque
1982 4166 2096 4205 non
2127 4150 2340 4216 vel-bie,

1196 4236 1235 4287 2
1265 4248 1307 4287 u
