2925 4992
521 343 596 396 16
1106 329 1609 392 HERODOTI
1668 327 2038 390 HISTOR.
2090 330 2141 389 1.

516 496 568 555 ei
598 484 1000 560 consulebant,
1041 497 1130 550 ut⁴
1161 493 1473 550 &meorum
1512 491 1815 562 exquireret
1847 489 2265 562 poteritissimos,
2284 515 2289 520 ·
2305 483 2501 562 &osque
2518 488 2623 546 sibi
2645 499 2761 545 so-'

519 581 628 632 cios
653 576 727 632 ad
740 573 822 630 'uit
861 581 990 629 eret.
2236 583 2245 601 ‘

597 643 690 712 54.
713 591 1082 712 Jlssagoracula
1106 658 1422 724 postquam
1449 647 1524 705 ad
1552 664 1615 704 se
1641 647 1823 702 velata
1840 647 2077 703 Croesus
2104 646 2411 721 cog-novit,
2441 646 2736 721 responsis

515 734 646 790 istis
700 731 1084 788 vehementer
1125 737 1218 786 est
1259 728 1533 803 gavisus:
1578 742 1933 798 prorsusque
1970 725 2319 782 existimans
2362 741 2427 781 se
2464 727 2603 800 Cyri
2644 743 2741 782 re-

516 829 708 890 gnum
733 826 861 866 esse
885 825 1248 874 eversurum,
1281 805 1473 864 missis
1512 821 1713 860 rursus
1740 803 2005 878 Delphos
2035 806 2271 879 legati-s,
2302 805 2735 880 Delphensium

516 890 810 967 singuloS,
839 905 1153 944 numerum
1198 886 1432 945 illorum
1483 891 1880 958 percontatus,
1907 884 2130 940 viritim
2158 883 2388 939 duobus
2420 884 2738 940 stateribus

518 971 647 1030 auri
671 968 933 1027 donavit.
991 965 1414 1040 ,Vicissimque
1457 961 1827 1035 Delphensoe
1870 964 2073 1019 Croeso
2116 962 2415 1038 Lydisque
2454 963 2517 1018 in
2558 978 2741 1019 omne

519 1049 797 1110 futurum
837 1055 1073 1118 tempus
1101 1044 1320 1118 primus
1363 1042 1707 1098 detulerunt
1750 1041 1812 1096 in
1856 1042 2221 1098 consulendo
2244 1043 2485 1097 oraculo
2516 1049 2737 1114 ραι-ωε,

517 1126 1098 1198 immunitatemque,
1144 1129 1206 1180 et
1248 1122 1511 1196 primum
1558 1121 1621 1174 in
1664 1121 2035 1176 consessibus
2076 1121 2299 1187 locum,
2342 1119 2595 1194 denique
2634 1116 2745 1191 jus

518 1205 774 1264 civitatis
799 1203 1032 1278 cuique,
1063 1202 1166 1275 qui
1193 1217 1444 1260 numero
1471 1198 1900 1271 Delphensium
1928 1200 2213 1256 voluisset
2238 1199 2503 1255 adscribi.

601 1287 696 1340 55.
735 1283 1034 1340 Ceterum
1073 1280 1250 1338 donis
1287 1279 1415 1346 istis
1453 1278 1827 1351 Delphenses
1869 1287 2214 1351 prosecutus
2258 1279 2519 1344 Croesus,
2560 1277 2745 1336 sertio

519 1361 826 1425 oraculum
871 1359 1212 1429 consuluit3
1273 1359 1493 1432 quippe
1540 1357 1920 1412 veracitatem
1966 1352 2095 1427 ejus
2144 1364 2448 1431 expertus,
2496 1357 2748 1433 largiter

519 1443 630 1502 sibi
657 1441 718 1502 in
747 1457 817 1497 eo
845 1437 1210 1496 consulendo
1226 1436 1587 1512 indulgebat.
1667 1434 2063 1509 Interrogavit
2086 1443 2286 1492 autem
2302 1437 2631 1502 oraculum,
2660 1453 2744 1491 em
2826 1493 2833 1498 ,

519 1522 839 1600 diuturnum
863 1518 969 1576 sibi
977 1515 1248 1591 futurum
1271 1524 1404 1572 esset
1429 1515 1713 1587 imperium
1730 1514 1762 1566 ,9
1802 1515 1918 1570 Cui
1940 1515 2155 1589 Pythia
2179 1515 2305 1574 haee
2326 1514 2621 1590 respondit
2644 1537 2659 1570 :

891 1661 1056 1744 'Regia
1075 1682 1204 1743 apud
1226 1682 1392 1730 Medos
1411 1681 1667 1740 mulojam
1688 1681 1797 1728 sede
1817 1682 1997 1742 potito,

917 1751 1066 1810 Lyde,
1092 1749 1254 1807 fugam
1277 1747 1433 1796 mollis
1455 1761 1735 1808 scruposum
1758 1748 1939 1808 corripe
1960 1749 2021 1794 ad
2044 1747 2281 1807 Hermon,

909 1815 1041 1861 Neve
1063 1827 1232 1872 mane3
1268 1813 1466 1873 ignavus
1488 1813 1646 1874 posito
1670 1811 1753 1868 siz,
1776 1812 1925 1876 Lyde,
1948 1814 2128 1874 pudore
2148 1813 2161 1859 Ξ

602 1961 695 2016 56.
739 1955 976 2019 Quibus
1014 1959 1210 2015 verbis
1251 1956 1324 2014 ad
1367 1955 1637 2014 Croesum
1680 1956 1936 2028 perlatis,
1963 1955 2149 2034 longe
2172 1957 2449 2014 omnium
2476 1958 2741 2016 maxime

521 2041 764 2116 gavisus
805 2045 916 2104 est,
961 2045 1124 2093 ratus
1179 2053 1485 2109 nunquam
1534 2033 1686 2108 apud
1732 2033 1940 2090 Medos
1994 2035 2229 2092 mulum
2277 2054 2383 2110 pro
2436 2037 2562 2094 viro
2606 2055 2753 2094 esse-

522 2127 927 2194 regnaturum,
956 2117 1218 2190 adeoque
1246 2134 1351 2171 nec
1379 2115 1595 2188 ipsum,
1619 2131 1725 2169 nec
1754 2132 1891 2170 suos
1914 2123 2202 2188 posteros,
2228 2132 2514 2190 umquam
2538 2116 2745 2190 priva-

521 2205 654 2254 tum
697 2191 769 2252 iri
810 2195 1075 2269 imperio·
1156 2193 1386 2252 Deinde
1428 2210 1633 2252 curam
1674 2209 1843 2248 suam
1883 2211 1955 2249 eo
1986 2193 2298 2261 convertit,
2322 2204 2393 2252 ut
2422 2195 2743 2269 inquireret

520 2275 760 2351 quinam
789 2277 981 2330 essent
1006 2274 1349 2333 Graecorum
1390 2271 1807 2344 potentissimi,
1836 2289 1982 2346 quos
2010 2272 2199 2346 socios
2224 2271 2339 2329 sibi
2362 2269 2741 2352 adjungeret.

523 2352 862 2410 Sciscitatus
890 2353 1073 2428 igitur
1097 2353 1333 2426 reperit,
1361 2347 1839 2420 Lacedaemonios
1880 2358 1939 2406 et
1971 2351 2359 2410 Athenienses
2382 2362 2596 2426 praeter
2618 2370 2739 2410 eae-

521 2440 678 2490 teros
705 2433 986 2500 eminere,
1013 2432 1148 2489 illos
1175 2429 1413 2505 quidem
1441 2429 1661 2486 Dorico
1701 2428 1758 2485 in
1798 2447 2033 2506 genere,
2075 2433 2185 2487 hos
2211 2448 2353 2488 vero
2392 2433 2457 2488 in
2502 2431 2741 2488 Ionico-
2816 2441 2824 2448 “

521 2509 604 2568 Hi
633 2511 796 2568 enim
825 2509 944 2567 duo
971 2509 1174 2585 populi
1201 2507 1531 2584 antiquitus
1563 2509 1841 2582 praecipui
1880 2507 2287 2580 habebantur3
2330 2511 2502 2580 alter,
2530 2510 2739 2570 Pelas—

521 2591 692 2666 gicus
717 2589 1010 2664 populus;
1057 2591 1204 2646 alter
1247 2585 1635 2644 Hellenicusx
1678 2596 1737 2643 et
1780 2587 1927 2644 alter
1968 2585 2208 2664 quidem
2252 2607 2581 2664 numquam
2608 2589 2743 2646 solo

524 2687 631 2726 suo
659 2676 1004 2734 excesserat,
1034 2669 1184 2724 alter
1205 2684 1346 2722 vero
1371 2665 1541 2722 valde
1568 2665 1945 2741 multumque
1972 2675 2101 2724 erat
2121 2677 2369 2742 vagatus
2394 2695 2409 2737 ;
2455 2686 2597 2726 nam
2622 2669 2741 2724 sub

522 2745 892 2804 Deucalione
945 2765 1083 2822 rege
1132 2745 1440 2802 Phthiotin
1495 2752 1709 2800 terram
1757 2741 2160 2818 habitaverat3
2206 2749 2318 2804 sub
2360 2749 2527 2805 Doro
2570 2765 2736 2814 vero,

525 2825 792 2884 Hellenis
844 2825 989 2892 filio,
1036 2825 1342 2900 regionem
1386 2824 1553 2882 Ossae
1604 2831 1663 2892 et
1709 2821 1965 2900 Olympo
2020 2821 2347 2896 subjectam
2401 2826 2741 2900 occupavit,

524 2923 657 2980 quae
699 2901 1030 2960 Histiaeotis
1072 2910 1355 2974 vocatur;
1403 2911 1534 2959 tum
1578 2920 1651 2959 ex
1693 2901 2065 2960 Histiaeotide
2105 2899 2329 2975 ejectus
2362 2923 2399 2962 a
2438 2905 2777 2972 CadmeiS„

523 2981 782 3045 Pindum
813 2983 1080 3049 incoluit,
1095 2983 1168 3039 'et
1194 2979 1519 3040 Macednus
1547 2983 1801 3055 populus
1828 2990 1919 3038 est
1958 2980 2297 3042 nominatus
2312 3010 2329 3055 3
2375 2984 2515 3040 inde
2538 3001 2744 3040 rursus
2832 3013 2837 3018 -

525 3064 589 3119 in
615 3061 982 3138 Dryopidem
1012 3062 1281 3132 transiit3
1329 3070 1390 3117 et
1416 3079 1492 3116 ex
1518 3059 1820 3135 Dryopide
1860 3061 2111 3135 denique
2154 3064 2216 3118 in
2257 3061 2739 3136 Peloponnesum

523 3141 706 3207 venit,
735 3149 793 3196 et
821 3140 1070 3197 Doricus
1099 3149 1188 3196 est
1215 3139 1560 3214 adpellatus.

606 3223 700 3277 57.
741 3218 879 3274 Jam
926 3219 1159 3293 Pelasgi
1207 3236 1458 3291 quanam
1493 3217 1707 3292 lingua
1752 3217 1846 3275 usi
1886 3218 2028 3284 sint,
2072 3237 2180 3293 pro
2222 3227 2383 3278 certo
2424 3219 2741 3278 adfirmare

525 3316 643 3356 non
669 3315 932 3372 possum.
1011 3295 1120 3354 Sed
1160 3298 1211 3352 si
1249 3296 1340 3354 fas
1380 3304 1471 3354 est
1495 3293 1894 3366 coniecturam
1920 3312 2126 3371 capere
2164 3317 2239 3354 ex.
2280 3300 2369 3356 his
2410 3301 2513 3374 qui
2555 3302 2739 3359 etiam

525 3395 686 3434 nunc
717 3384 1032 3449 supersunt
1060 3375 1317 3449 Pelasgi,
1362 3375 1463 3450 qui
1505 3393 1683 3449 supra
1706 3377 2035 3452 Tyrrhenos
2065 3378 2412 3436 Crestonem
2450 3380 2741 3453 oppidum

524 3455 819 3521 incolunt,
858 3455 962 3528 qui
1005 3471 1136 3510 eam
1171 3461 1388 3512 terram
1414 3452 1581 3522 olim,
1612 3472 1743 3528 quae
1769 3472 1924 3512 nunc
1948 3453 2251 3513 Thessalia
2275 3465 2542 3526 vocatur,
2572 3458 2747 3516 habi-

523 3540 810 3600 taverant,
851 3533 1201 3606 finitimique
1247 3551 1348 3608 per
1388 3533 1447 3590 id
1477 3541 1708 3607 tempus
1742 3534 1983 3590 fuerant
2024 3553 2231 3592 eorum
2272 3536 2377 3612 qui
2416 3537 2747 3594 Dorienses

522 3613 701 3670 hodie
727 3605 1142 3681 nominantur3
1189 3613 1331 3670 item
1373 3624 1444 3667 ex
1488 3611 1607 3668 illis
1646 3611 1909 3688 Pelasgis
1934 3614 2038 3690 qui
2066 3613 2323 3672 Placiam
2362 3623 2423 3674 et
2465 3615 2752 3690 Scylacen‘

525 3693 588 3750 in
619 3689 1013 3765 Hellesponto
1045 3689 1453 3756 condiderunt,
1483 3693 1587 3764 qui
1613 3709 1751 3749 cum
1779 3692 2235 3764 Atheniensibus
2265 3710 2391 3750 una
2432 3695 2747 3754 habitave-

526 3780 693 3840 rant3
741 3771 862 3846 sive
891 3786 1024 3844 quae
1049 3777 1186 3836 sunt
1211 3769 1328 3826 alia
1355 3769 1660 3846 Pelasgida
1700 3770 1936 3845 oppida,
1962 3788 2099 3845 quae
2138 3789 2355 3830 nomen
2384 3782 2738 3834 mutarunt:

525 3867 599 3908 ex
640 3850 730 3906 his
773 3849 822 3906 si
860 3845 1258 3920 conjecturam
1285 3866 1492 3922 capere
1534 3849 1626 3906 fas
1653 3859 1763 3916 est,
1791 3848 2038 3905 barbara
2075 3849 2159 3906 lin
2252 3869 2287 3905 a
2327 3853 2421 3908 usi
2460 3861 2601 3910 sunt
2628 3852 2745 3910 Pe-

523 3929 694 4004 lasgi.
775 3927 952 3989 Quod
997 3928 1046 3983 si
1087 3927 1276 4004 igitur
1317 3925 1523 3984 eadem
1556 3927 1707 3984 ratio
1733 3929 1849 3985 fuit
1875 3928 2137 3986 universi
2208 3930 2449 4006 elasgici
2474 3927 2738 4006 generis,

526 4007 907 4064 statuendum
934 4003 1113 4064 fuerit
1137 4005 1403 4062 Atticum
1443 4008 1754 4079 populum,
1783 4024 1921 4064 cum
1950 4007 2026 4080 sit
2050 4008 2339 4083 Pelasgici
2373 4010 2637 4084 generis,
2664 4029 2745 4068 ex

525 4103 644 4161 quo
672 4085 734 4142 in
764 4085 1091 4142 Hellenum
1133 4101 1348 4140 nomen
1392 4086 1640 4152 transiit,
1670 4085 1849 4144 simul
1873 4085 2145 4162 linguam
2186 4104 2355 4144 suam
2396 4088 2745 4148 dedidicisse

527 4171 585 4222 et
627 4181 765 4222 cum
803 4163 1124 4222 Hellenum
1160 4162 1367 4239 lingua
1419 4171 1802 4238 permutasse.
1883 4163 2123 4226 Etenim
2168 4183 2357 4240 neque
2398 4169 2739 4229 Crestonia-
