2925 4992
934 300 1562 365 MELPOMENE.·
2221 304 2340 361 908

174 466 313 538 quod
332 461 681 523 vocabulum
705 463 919 522 Graeco
946 482 1221 523 sermone
1250 463 1510 519 siricicius
1545 460 1880 537 significat:
1923 461 2042 517 οἰοι-
2065 459 2228 519 enim
2254 463 2342 519 ei-

171 562 275 599 mm
310 544 551 613 dieunt3
592 550 931 615 pota·vero,
970 542 1251 615 occidere.)
1294 550 1441 599 tunc
1478 541 1674 615 igitur.
1701 540 1894 597 Graeci
1933 539 2340 613 perhibentur,

167 624 383 678 victoria
404 622 565 695 apud
589 622 1089 679 Thermodontem
1118 622 1322 685 relata,
1352 621 1540 677 trihus
1567 619 1818 675 navibus
1853 618 2098 677 domum
2123 618 2340 692 repeti-

166 700 297 771 isse3
342 709 429 755 tot
454 704 811 766 Amazonas,
836 708 983 773 quot
1009 702 1173 757 vivas
1204 714 1409 772 capere
1436 705 1771 772 potuerant,
1801 714 2002 755 secum
2041 696 2340 753 vehentes.

167 780 231 834 At
250 779 369 835 illas
394 780 455 835 in
484 781 681 835 medio
708 781 855 837 mari
882 780 1166 837 invasisse
1188 779 1365 844 viros,
1384 786 1746 850 cunctosque
1771 776 2150 833 interfecisse.
2189 774 2338 833 Eas-

167 856 281 912 dem
304 875 459 922 ver0,
476 876 667 931 quum
692 858 1007 932 navigandi
1032 866 1227 915 essent
1252 857 1561 929 imperitae,
1585 864 1644 911 et
1671 873 1776 913 nec
1801 854 2334 931 gubernaculorum

163 952 311 991 usum
336 945 593 1001 nossent,
620 954 727 993 nec
752 938 1043 1002 velorum,
1074 954 1179 993 nec
1208 952 1528 1001 remorum,
1555 934 1762 991 occisis
1787 933 1950 999 viris,
1975 932 2196 991 delatas
2219 950 2338 1006 quo

165 1016 349 1071 fluctus
379 1015 653 1087 ventique
694 1015 999 1088 pellerent,
1026 1016 1311 1071 cremnos
1339 1014 1411 1069 ad
1435 1012 1776 1069 Maeotidem
1821 1011 2092 1085 paludem
2133 1030 2336 1085 perve-

164 1092 327 1148 nisse:
368 1103 505 1149 sunt
532 1102 732 1151 autem
766 1094 1007 1149 Cremni
1044 1093 1233 1159 locus,
1256 1094 1319 1147 in
1364 1092 1680 1149 liberorum
1709 1086 2052 1165 Scytharum
2081 1090 2337 1165 regione.

164 1168 237 1225 lbi
274 1186 585 1245 postquam
613 1190 647 1229 e
674 1172 925 1229 navibus
953 1172 1379 1227 exscenderunt
1404 1173 1750 1233 Amazones,
1779 1168 2026 1243 pedibus
2066 1170 2132 1227 in
2171 1169 2338 1227 habi·

162 1258 263 1303 tata
296 1250 421 1306 loca
446 1250 751 1323 profectae,
780 1250 939 1324 quod
978 1251 1237 1325 primum
1262 1249 1632 1307 offenderunt
1657 1266 1874 1322 equor-u
1885 1266 1938 1303 ιιι
1975 1256 2334 1315 armentum,

165 1325 259 1383 hoe
278 1330 499 1403 direpto
528 1330 963 1403 obequitantes,
990 1346 1081 1385 res
1104 1325 1447 1403 Scytharum
1479 1327 1908 1399 praedabantur.

226 1411 343 1463 111.
384 1409 625 1482 Scythae
649 1424 806 1474 vero,
834 1426 1018 1482 quum
1060 1424 1169 1463 nee
1206 1408 1478 1481 linguam
1505 1424 1728 1470 earum,
1757 1423 1866 1463 nec
1896 1406 2334 1474 vestimentum,

162 1498 251 1539 nec
284 1492 523 1560 gentem
568 1496 835 1550 nossent,
862 1482 1189 1555 conjectare
1218 1504 1336 1543 non
1376 1493 1696 1558 potuerant
1723 1484 1862 1557 quid
1915 1485 2026 1541 hoc
2053 1486 2134 1541 rei
2162 1494 2334 1552 esset,

158 1562 685 1639 mirabanturque
716 1565 877 1621 unde
912 1566 1203 1621 adessent.
1276 1566 1480 1625 Quum
1521 1579 1664 1619 vero
1703 1564 1859 1617 viros
1901 1581 2026 1619 esse
2065 1561 2334 1631 ejusdem

155 1648 363 1699 staturie
412 1647 723 1727 retatisque
762 1644 1191 1709 existimarent,
1236 1642 1500 1715 prelium
1543 1658 1676 1697 cum
1719 1641 1835 1697 illis
1875 1642 2330 1699 commiserunt.
2315 1665 2330 1677 ·

156 1738 215 1775 ex
238 1738 425 1796 pugna
452 1730 661 1779 autem
696 1723 873 1796 potiti
898 1722 1165 1787 mortuis,
1194 1728 1610 1812 cognoverunt
1649 1719 1916 1775 foeminas
1939 1738 2085 1779 esse.
2167 1719 2336 1777 Deli-

158 1797 473 1857 berantihus
500 1802 694 1887 igitur
716 1802 911 1859 visum
938 1810 1047 1866 est,
1075 1800 1421 1871 neutiquam
1462 1798 1596 1855 illas
1621 1798 1828 1856 dehinc
1865 1798 2149 1865 occidere,
2175 1799 2276 1857 sed
2302 1817 2338 1855 e

156 1878 253 1934 suis
268 1882 361 1954 qui
386 1881 655 1967 maxime
671 1897 919 1949 juvenes
938 1886 1137 1935 essent
1158 1879 1435 1934 adversus
1460 1894 1556 1933 eas
1581 1878 1836 1937 mittere.
1857 1895 2100 1935 numero
2123 1881 2336 1953 (quan-

157 1963 267 2012 tum
290 1955 585 2030 conjicere
626 1957 921 2030 poterant)
942 1974 1121 2031 pares
1160 1956 1399 2013 illarum
1426 1974 1696 2015 numero..
1778 1955 1910 2013 Hos
1940 1952 2242 2025 jusserunt
2267 1954 2330 2013 in

156 2038 465 2094 earumdem
494 2036 712 2093 vicinia
740 2037 953 2093 habere
977 2045 1185 2101 castra,
1204 2038 1510 2110 facereque
1536 2036 1742 2093 eadem
1759 2052 1892 2108 quae
1917 2036 2046 2092 illas
2073 2036 2336 2095 viderent

156 2106 441 2173 facientes.
471 2118 577 2172 sin
598 2116 757 2173 illae
744 2134 899 2188 ipsos
924 2122 1420 2188 persequerentur,
1444 2131 1566 2169 non
1596 2131 1860 2188 pugnam
1885 2132 2022 2171 cum
2051 2115 2134 2170 eis
2163 2116 2334 2182 inire,

158 2193 237 2248 sed
258 2212 373 2251 sese
400 2196 699 2269 recipere3
722 2194 967 2267 quando
993 2211 1133 2251 veno
1159 2193 1423 2267 persequi
1450 2194 1784 2249 desinerent
1807 2193 1948 2258 illae,
1978 2204 2106 2251 tum
2137 2210 2334 2251 rursus

157 2270 595 2347 adpropinquare
638 2274 880 2338 eisdem,
906 2281 969 2329 et
1006 2279 1197 2329 eastra
1241 2272 1480 2345 propius
1531 2288 1760 2343 ponere.
1841 2270 1978 2329 Hoc
2019 2272 2334 2329 eonsilium

158 2350 359 2425 Scythae
384 2361 701 2426 ceperunt,
730 2354 1027 2425 cupientes
1054 2368 1127 2409 ex
1156 2351 1271 2407 illis
1299 2350 1514 2405 liberos
1541 2350 1655 2405 sibi
1682 2349 1977 2423 progigni.

221 2436 337 2488 112
376 2432 559 2493 Missi
590 2427 845 2501 juvenen
882 2429 1161 2487 mandata
1195 2436 1340 2485 sunt
1374 2428 1652 2485 exsecuti.
1734 2427 1901 2488 Quos
1931 2428 2030 2485 ubi
2055 2428 2332 2487 viderunt

154 2506 448 2567 Amazones
474 2528 607 2567 non
636 2509 887 2566 liedendi
910 2508 1157 2566 consilio
1184 2508 1506 2575 advenisse,
1531 2507 1722 2565 valere
1750 2506 2050 2565 sinebant:
2097 2518 2156 2563 et
2181 2525 2330 2580 quo-

152 2586 269 2643 tidie
292 2592 533 2663 propius
566 2598 755 2645 castra
776 2588 983 2645 castris
1008 2586 1486 2643 admovebantur.
1539 2584 1708 2641 Nihil
1735 2592 1932 2643 autem
1963 2585 2121 2643 aliud
2145 2586 2330 2643 habe·

150 2661 271 2723 bant
310 2669 369 2725 hi
406 2665 697 2739 juvenes,
735 2665 1234 2740 quemadmodum
1280 2665 1457 2721 etiam
1507 2665 1854 2729 Amazones,
1897 2660 2014 2721 nisi
2063 2682 2228 2725 arma
2269 2674 2330 2723 et

149 2760 337 2816 equos:
376 2748 573 2805 vitam
610 2754 813 2803 autem
850 2747 1263 2803 sustentabant
1303 2743 1548 2820 perinde
1584 2750 1762 2817 atque
1803 2743 1938 2812 inae,
1968 2744 2238 2803 venando
2271 2753 2334 2802 et

152 2826 381 2893 praedam
407 2825 670 2902 agendo.

219 2909 337 2960 113:
372 2903 495 2961 Sub
524 2904 853 2961 meridiem
870 2904 983 2961 hoc
1008 2922 1183 2981 agere
1208 2904 1540 2961 Amazones
1567 2910 2037 2961 consueverant.
2079 2902 2330 2977 sparsim

151 2978 373 3059 singulae
391 2992 501 3041 aut
542 2983 717 3045 bine,
740 2984 985 3039 seorsim
1013 2986 1089 3041 ab
1115 2984 1391 3049 invicem,
1414 2983 1644 3039 levandi
1673 2982 1896 3039 ventris
1918 2999 2125 3039 caussa
2149 3000 2332 3057 vaga-

149 3052 352 3119 bantur.
430 3066 585 3125 Qua
610 3080 671 3119 re
697 3059 1125 3128 animadversa,
1138 3063 1387 3135 Scythae
1426 3061 1662 3133 perinde
1691 3061 1994 3117 fecerunt:
2037 3067 2098 3116 et
2123 3078 2330 3120 eorum

147 3154 281 3197 unus
305 3142 375 3197 ad
402 3142 669 3216 aliquam
689 3158 763 3197 ex
788 3140 927 3204 illis,
946 3158 1076 3213 quae
1098 3137 1335 3216 longius
1360 3159 1397 3195 a
1414 3141 1640 3195 caeteris
1664 3140 1791 3195 sola
1807 3139 2172 3204 versabatur,
2193 3156 2330 3212 pro-

148 3217 257 3288 pius
282 3222 565 3277 accessit:
614 3237 719 3277 nec
752 3219 859 3275 illa
884 3238 1021 3277 eum
1058 3219 1407 3292 repudiavit,
1438 3218 1536 3273 sed
1563 3236 1688 3275 sese
1713 3218 1832 3275 frui
1869 3234 2040 3291 passa
2067 3222 2173 3277 est.
2251 3216 2332 3275 Et

146 3296 375 3385 colloqui
400 3298 653 3372 quidem
680 3316 821 3355 cum
846 3299 947 3354 illo
977 3315 1099 3355 non
1120 3299 1338 3372 potuit,
1359 3314 1465 3353 nec
1491 3298 1652 3353 enim
1677 3314 2010 3355 sermonem
2039 3314 2214 3355 suum
2239 3297 2330 3355 in-

146 3374 312 3437 vicem
340 3376 793 3451 intelligebant.
842 3377 941 3433 sed
966 3378 1141 3449 signo
1168 3394 1351 3435 manu
1376 3376 1514 3432 dato
1540 3376 1814 3432 invitavit
1837 3392 1996 3440 eum,
2025 3385 2092 3431 ut
2117 3377 2330 3451 postri-

145 3450 223 3508 die
256 3456 535 3515 eumdem
580 3458 639 3511 in
687 3456 881 3511 locum
922 3455 1174 3513 adducto
1216 3456 1431 3511 comite
1471 3454 1744 3524 veniret3
1789 3454 2147 3529 significans,
2181 3455 2328 3511 duas

148 3532 469 3606 adfuturas3
521 3553 585 3591 se
612 3551 823 3604 nempe
848 3534 1233 3591 adducturam
1276 3534 1474 3589 aliam.
1551 3533 1816 3599 Juvenis,
1845 3533 1918 3588 ad
1959 3550 2094 3589 suos
2137 3552 2329 3591 rever-

148 3625 249 3676 sus,
275 3614 447 3677 sociis
476 3617 603 3671 hoec
634 3613 969 3669 nunciavit:
1002 3620 1062 3669 et
1088 3613 1433 3685 insequente
1464 3610 1560 3667 die
1588 3612 1754 3668 rediit
1780 3620 1839 3667 et
1867 3613 1992 3685 ipse
2019 3612 2082 3667 iu
2107 3613 2326 3669 consti·-

148 3692 325 3747 tutum
361 3694 595 3757 lemni,
622 3695 685 3747 et
724 3690 976 3747 alterum
1018 3707 1217 3747 secum
1262 3690 1540 3759 adduxit,
1527 3714 1540 3727 ·
1587 3690 1912 3763 reperitque
1942 3690 2324 3753 Amazonem,

149 3781 263 3823 cum
290 3771 447 3826 socia
474 3788 609 3827 sese
627 3776 1077 3843 exspectantem.
1158 3768 1225 3825 ld
1254 3769 1360 3825 ubi
1386 3776 1800 3841 compererunt
1827 3769 2032 3842 reliqui
2054 3764 2326 3838 juvenes,

150 3845 347 3903 etiam
330 3851 445 3923 ipsi
474 3850 749 3928 reliquas
752 3850 1082 3905 Amazonas
1106 3845 1457 3905 cicun-arunt.

223 3929 347 3983 114
384 3928 659 3985 Posthac
695 3918 921 3997 junctis
962 3922 1165 3983 eastris
1212 3944 1333 3981 una
1377 3927 1756 3992 habitarunt:
1801 3934 1864 3982 et
1905 3925 2152 3997 quisque
2193 3942 2325 3982 eam

147 3996 329 4061 habuit
353 4024 623 4073 uxorem,
644 4023 779 4061 curn
808 4022 927 4078 qua
950 4005 1211 4079 primum
1238 4006 1727 4061 consuetudinem
1753 4004 2050 4059 habuerat.
2109 4000 2192 4061 Et
2211 4004 2326 4061 lin-

148 4094 309 4149 guam
336 4086 593 4158 quidem
604 4084 929 4143 mulierum
956 4083 1263 4139 addiscere
1279 4083 1390 4138 viri
1412 4102 1534 4139 non
1571 4090 1926 4156 potuerunt,
1938 4081 2040 4137 sed
2063 4082 2348 4139 virorum·

148 4172 461 4227 sermonem
488 4164 823 4239 didicerunt
846 4161 1229 4277 muliereaoU
1240 4162 1387 4295 bizse
1414 4162 1672 4219 invicem
1695 4159 2124 4237 intelligebant,
2145 4162 2346 4221 Amas

1209 4256 1250 4295 n
