2925 4992
1119 343 1416 405 cL10.
2276 343 2361 404 88

151 501 166 516 ⁴
221 507 362 564 199.
404 501 520 562 Est
580 509 787 562 autem
847 501 1010 562 aliud
1065 505 1376 566 institutum
1427 504 1819 578 turpissimum,
1872 519 1993 578 quo
2045 500 2363 577 Babylonii

139 591 414 650 utuntur,
445 580 817 656 hujusmodi.
895 583 1241 643 Quamlibet
1281 579 1629 660 indigenam
1668 582 1979 640 mulierem
2020 589 2272 657 oportet,
2302 583 2365 639 in

141 662 386 718 Veneris
411 662 650 736 templo
692 661 1018 729 sedentem,
1047 663 1228 718 semel
1273 663 1336 718 in
1375 663 1503 718 vita
1541 679 1677 718 cum
1722 659 2037 736 peregrino
2064 661 2191 715 viro
2216 677 2363 716 con-

143 740 523 797 suetudinem
551 740 788 797 habere.
866 741 1077 798 Multoe
1100 738 1303 816 igitur,
1331 740 1719 815 dedignantes
1768 739 1897 796 aliis
1936 755 2001 795 se
2038 738 2369 795 immiscere

143 817 517 886 mulieribus,
544 819 764 893 quippe
791 817 1010 874 divitiis
1033 819 1457 892 superbientes,
1488 819 1763 892 plaustris
1803 825 1987 873 vectae
2018 817 2079 873 in
2116 816 2369 874 camaris

144 903 304 952 stant
345 897 422 952 ad
469 899 787 972 templum,
823 903 886 952 et
934 898 1138 972 ingens
1185 897 1316 952 illas
1361 895 1717 954 famularum
1759 913 2043 952 numerus
2089 895 2371 970 sequitur.

143 974 457 1048 Pleraeque
503 989 704 1032 autem
752 975 866 1030 hoc
913 977 1090 1031 modo
1133 975 1378 1031 faciunt.
1459 976 1533 1031 In
1566 983 1737 1049 septo
1779 975 1993 1032 Veneri
2028 981 2369 1032 consecrato

146 1053 358 1110 sedent
383 1071 611 1110 corona
639 1053 889 1109 funiculi
911 1055 1088 1111 modo
1114 1061 1272 1110 torta
1297 1061 1481 1128 caput
1506 1053 1791 1110 redimitae
1822 1049 2097 1110 mulieres
2124 1069 2371 1110 numae

145 1132 394 1200 multae3
442 1133 580 1188 aliae
602 1133 764 1188 enim
792 1132 1138 1198 adveniunt,
1161 1132 1292 1187 aliae
1315 1133 1557 1189 abeunt.
1625 1131 1779 1187 Sunt
1804 1139 1999 1187 autem
2018 1148 2123 1205 per
2146 1131 2372 1188 medias

144 1210 428 1267 muheres
459 1211 744 1267 transitus
771 1210 1003 1266 viarum
1043 1211 1114 1266 ad
1158 1209 1375 1267 lineam
1402 1227 1871 1285 quaquaversum
1903 1210 2126 1278 directi,
2154 1210 2375 1284 quibus

144 1295 529 1344 transeuntes
581 1290 692 1344 viri
747 1288 1002 1362 seligunt
1057 1305 1202 1362 quas
1263 1289 1492 1345 volunt.
1596 1287 1689 1344 Ibi
1740 1295 2052 1380 postquam
2109 1288 2374 1346 consedit

145 1367 388 1434 mulier,
422 1383 544 1424 non
575 1365 741 1441 prius
788 1367 1033 1423 domum
1059 1368 1206 1433 abit,
1231 1381 1409 1440 quarn
1447 1368 1888 1442 peregrinorum
1925 1368 2239 1441 quispiam,
2267 1385 2372 1441 pe·

143 1447 328 1500 cunia
379 1447 445 1500 in
484 1447 686 1502 sinum
735 1440 1024 1516 conjecta,
1067 1463 1202 1501 cum
1253 1463 1326 1501 ea
1367 1455 1536 1501 extra
1588 1446 1794 1500 fanum
1837 1445 2171 1502 concubuit.
2250 1443 2377 1506 Qui

143 1524 473 1635 pecuniam
509 1526 565 1579 ei
610 1519 864 1598 projicit,
897 1524 946 1578 is
973 1525 1326 1597 compellare
1365 1541 1498 1580 eam
1540 1524 1633 1579 his
1674 1523 1867 1579 verbis
1908 1523 2121 1581 debet:
2169 1524 2377 1598 “My-

173 1602 368 1656 ‘litta
411 1603 607 1669 deam,
637 1609 706 1658 ut
741 1602 850 1658 tibi
889 1603 1071 1669 adsit,
1097 1606 1359 1676 precorss'
1440 1601 1685 1675 Mylitta
1724 1609 1924 1657 autem
1952 1603 2237 1658 Venerem
2264 1619 2375 1660 vo-

147 1687 297 1736 cant
323 1681 584 1768 Assyrii.
645 1680 901 1736 Pecunia
927 1699 1066 1736 vero
1093 1680 1639 1772 quantulacumque
1664 1679 1863 1746 fuerit,
1894 1679 2063 1736 nefas
2098 1687 2191 1735 est
2236 1697 2374 1736 mu-

149 1759 284 1816 lieri
323 1777 462 1815 eam
507 1753 777 1852 rejicere-3
821 1759 889 1816 fit
930 1760 1092 1815 enim
1141 1776 1305 1814 sacra
1347 1759 1616 1831 pecunia.
1698 1758 1973 1832 Sequitur
2012 1757 2197 1834 igitur
2234 1775 2376 1817 eum

145 1839 249 1912 qui
279 1837 518 1911 primus
543 1839 855 1910 pecuniam
877 1833 1142 1911 projecit,
1170 1854 1276 1892 nec
1303 1837 1460 1892 enim
1486 1837 1677 1892 ullum
1706 1836 1990 1910 repudiat.
2057 1836 2377 1910 Postquam

145 1935 298 1972 vero
325 1933 464 1971 cum
493 1915 598 1971 illo
611 1933 735 1972 rem
755 1916 988 1983 habuit,
1007 1916 1174 1972 deam
1197 1922 1412 1972 testata
1435 1933 1498 1971 se
1520 1915 1793 1990 religioni
1816 1911 1975 1970 illius
2000 1915 2373 1984 satisfecisse,

145 1996 408 2052 domum
435 1995 599 2051 abit:
643 1994 720 2050 ab
745 2009 930 2068 eoque
969 2002 1260 2069 tempore,
1287 2001 1829 2068 quantumcumque
1874 1994 1951 2050 sit
1994 1995 2151 2068 quod
2186 1995 2241 2052 ei
2278 1995 2379 2052 of-

147 2074 337 2138 feras„
370 2073 594 2129 frustra
629 2073 762 2130 eris.
840 2075 994 2135 Quae
1020 2073 1204 2148 igitur
1229 2073 1492 2147 speciosa
1530 2080 1673 2129 sunt
1710 2074 1905 2129 forma
1928 2079 1991 2128 et
2014 2080 2259 2141 statura,
2288 2091 2377 2131 eoe

148 2153 270 2208 cito
305 2151 588 2208 redeunt:
633 2169 766 2224 quae
789 2169 930 2207 vero
955 2152 1268 2218 deformeS,
1293 2152 1555 2208 multum
1580 2159 1821 2208 manent
1846 2153 2153 2225 temporis,
2183 2153 2378 2226 prius-

149 2248 336 2305 quam
365 2230 494 2305 legi
530 2231 760 2303 possint
797 2229 1171 2301 satisfacere3
1228 2238 1464 2287 manent
1505 2231 1665 2287 enim
1712 2230 2014 2288 nonnulloe
2052 2231 2125 2286 ad
2158 2239 2279 2287 tres
2316 2239 2379 2290 et

149 2317 418 2382 quatuor
441 2325 642 2365 annos.
719 2308 966 2366 Obtinet
991 2317 1193 2366 autem
1215 2308 1430 2365 alicubi
1457 2309 1639 2365 etiam
1664 2309 1726 2364 in
1764 2309 1961 2382 Cypro
1988 2307 2181 2365 simile
2206 2309 2377 2368 insti·

149 2396 386 2445 tutum.·

227 2470 377 2522 200.
421 2465 534 2521 Sed
575 2466 648 2523 de
687 2467 974 2524 institutis
1016 2466 1479 2538 Babyloniorum
1523 2467 1651 2524 baec
1690 2467 1995 2524 hactenus.
2076 2464 2227 2522 Sunt
2266 2483 2375 2523 au·

151 2550 274 2601 tem
305 2544 474 2600 inter
505 2545 639 2601 illos
679 2553 796 2603 tres
838 2545 1079 2602 familiae
1117 2547 1239 2602 sive
1259 2545 1470 2612 tribus,
1495 2563 1629 2621 quae
1671 2546 1841 2602 nulla
1878 2562 1941 2601 re
1980 2545 2117 2610 alia,
2146 2545 2263 2601 nisi
2285 2547 2377 2620 pi-

150 2623 356 2678 scibus
397 2631 766 2680 vescuntur.
811 2624 941 2681 Hos
981 2625 1068 2680 illi
1092 2633 1400 2698 postquam
1441 2633 1744 2699 ceperunt,
1786 2625 2003 2681 sicca-nt
2050 2623 2123 2679 ad
2168 2623 2391 2692 solem,

151 2701 368 2758 deinde
393 2701 503 2756 tali
541 2703 720 2758 modo
748 2711 973 2778 parant.
1054 2703 1126 2758 In
1163 2702 1511 2759 mortarium
1538 2701 1855 2774 conjectos,
1884 2710 1945 2758 et
1976 2701 2228 2796 pistillis·
2236 2721 2381 2758 con·-

151 2787 347 2847 tusos,
397 2795 504 2852 per
549 2780 857 2838 sindonem
902 2789 1208 2854 tamquam
1256 2781 1446 2837 cribro
1498 2783 1827 2838 incernunt.
1904 2781 2087 2846 Tum,
2130 2780 2233 2854 qui
2288 2778 2381 2839 his

151 2859 316 2914 vesci
345 2857 538 2930 cupit,
565 2859 654 2915 vel
685 2867 986 2935 tamquam
1013 2877 1252 2917 mazam·
1272 2859 1520 2935 subigit,
1549 2861 1643 2916 vel
1671 2860 1873 2934 coquit
1900 2859 2085 2916 veluti
2110 2875 2350 2933 panem.

233 2940 381 3014 201.
421 2935 460 2990 J
465 2953 562 2991 am
611 2939 854 3014 Cyrum,
909 2939 1022 2993 hoc
1075 2939 1250 2994 etiam
1304 2938 1554 2995 subacto
1598 2939 1841 3013 populo,
1882 2938 2125 2993 incessit
2166 2937 2381 3012 cupido

153 3014 540 3088 Massagetas
579 3016 690 3072 sub
729 3021 1081 3092 potestatem
1121 3033 1291 3072 suam
1331 3016 1653 3091 redigendi.
1732 3016 1973 3088 Populis
2013 3016 2109 3070 hic
2148 3023 2209 3071 et
2246 3033 2377 3072 ma·-

151 3109 316 3168 gnus
343 3091 567 3148 dicitur
589 3111 716 3152 esse
743 3103 800 3152 et
827 3095 1077 3161 validus,
1101 3095 1377 3150 habitans
1399 3111 1603 3150 versus
1642 3095 1927 3150 orientem
1962 3099 2121 3149 trans
2146 3096 2379 3155 Araxen

153 3172 439 3237 fiuvium,
469 3187 545 3226 ex
574 3172 816 3230 adverso
837 3174 1207 3231 lssedonum.
1247 3173 1543 3288 Aiuntque
1560 3173 1738 3232 etiam
1766 3171 2060 3240 nonnulli,
2078 3187 2203 3228 esse
2232 3173 2377 3248 Scy-

153 3249 392 3307 thicum
419 3250 585 3306 hunc
612 3253 2400 3327 populum..

153 3359 170 3366 -
233 3331 382 3404 202.
421 3330 642 3386 Araxes
667 3339 866 3388 autem
895 3331 971 3388 ab
995 3331 1127 3388 aliis
1165 3325 1375 3400 major,
1401 3329 1479 3386 ab
1506 3329 1636 3387 aliis
1661 3330 1862 3386 minor
1887 3347 2014 3386 esse
2042 3329 2381 3405 perhibetur

151 3405 354 3464 Istro.
401 3423 530 3462 esse
573 3417 772 3466 autem
801 3411 861 3465 in
908 3411 1012 3466 ino
1053 3409 1224 3466 aiunt
1258 3407 1478 3464 insulas
1510 3409 1867 3482 frequentes,
1895 3407 2075 3465 Lesbi
2100 3408 2223 3466 fere
2250 3426 2378 3466 ma·-

157 3485 496 3560 gnitudine.
577 3486 650 3544 ln
677 3488 771 3545 his
793 3489 1060 3545 habitare
1085 3487 1374 3553 homines,
1402 3487 1506 3560 qui
1535 3493 1735 3544 aestate
1750 3485 2040 3544 radicibus
2064 3495 2383 3545 vescantur

155 3561 480 3637 cujusque
491 3568 748 3638 generis,
777 3583 926 3640 quas
965 3584 997 3623 e
1032 3574 1185 3622 terra
1223 3565 1544 3636 effodiunt3
1589 3565 1799 3640 fruges
1834 3573 2035 3622 autem
2076 3566 2379 3632 arborum,

155 3659 308 3716 quas
349 3647 618 3699 maturas
659 3645 974 3720 reperiunt,
1017 3643 1079 3699 in
1117 3643 1317 3700 cibum
1346 3652 1655 3717 seponant,
1694 3644 1893 3716 eisque
1928 3649 2241 3700 vescantur
2278 3659 2384 3718 per

155 3721 444 3778 hiemem.
525 3721 812 3795 Repertus
851 3731 1052 3781 autem
1091 3723 1167 3780 ab
1207 3721 1296 3777 his
1321 3721 1503 3778 etiam
1544 3739 1670 3778 esse
1704 3723 1849 3778 alias
1890 3722 2144 3788 arbores,
2158 3721 2382 3792 hujus-

157 3799 330 3856 modi
369 3798 602 3856 fructus
643 3801 917 3869 ferentes,
947 3817 1094 3877 quos
1137 3801 1479 3856 catervatim
1518 3801 1835 3877 congressi,
1864 3817 2219 3873 accensoque
2260 3799 2385 3874 igni

157 3864 676 3948 circumsedentes,
697 3881 762 3936 in
781 3881 984 3972 ignem
999 3873 1334 3950 conjiciant,
1351 3885 1483 3934 tum
1504 3877 1842 3935 olfacientes
1866 3879 2125 3935 fructum
2154 3879 2215 3933 in
2244 3879 2386 3966 igne

161 3956 493 4023 ardentem,
533 3958 714 4015 odore
760 3955 1150 4023 inebrientur,
1191 3955 1431 4050 perinde
1476 3965 1654 4031 atque
1700 3957 1893 4012 Graeci
1934 3957 2107 4012 vino.
2144 3973 2386 4028 maJore

159 4051 306 4090 vero
331 4035 509 4107 copia
545 4036 770 4108 iniecto
805 4037 1025 4104 fructu,
1053 4035 1248 4112 magis
1287 4033 1601 4105 inebriari,
1647 4031 1897 4108 denique
1926 4034 2010 4090 ad
2051 4035 2388 4093 saltandum

169 4129 436 4188 surgere,
465 4121 528 4172 et
573 4116 649 4172 ad
675 4111 1004 4173 canendum
1031 4111 1326 4189 progredi.
1400 4111 1611 4171 Talem
1632 4113 1750 4170 -his
1775 4129 1901 4169 esse
1934 4112 2071 4168 vitoe
2096 4112 2385 4175 rationem

167 4196 430 4248 narrant.
511 4192 676 4254 Fluit
713 4201 918 4252 autem
958 4193 1176 4258 Araxes
1201 4209 1276 4250 ex
1312 4189 1618 4261 Matianis,
1640 4189 1902 4250 indidem
1943 4198 2122 4267 atque
2148 4192 2385 4271 Gyndes
