2925 4992
542 336 661 387 380
1098 328 1593 387 HERODOTI
1655 327 2014 387 HISTOR.
2059 331 2225 389 vm.

548 496 587 521 “
620 496 1007 545 consentanea
1036 487 1401 561 capientibus
1430 488 1770 545 hominibus
1793 490 1986 546 solent
2027 489 2376 563 plerumque
2403 488 2586 545 etiam
2613 504 2754 545 con-

548 574 587 603 “
616 576 898 623 sentanea
940 568 1207 624 evenire:
1252 566 1343 621 sin
1386 574 1591 623 contra
1631 569 1918 625 rationem
1965 568 2305 632 consulunt,
2331 584 2404 622 ne
2435 568 2602 625 Deus
2625 570 2756 642 qui-

548 654 588 679 “
620 647 753 701 (lem
782 646 1059 702 humanis
1086 644 1393 701 sententiis
1418 647 1690 702 accedere
1719 651 1938 703 amat.”

626 730 719 780 61.
762 724 911 779 Haec
956 725 1062 781 ubi
1102 724 1524 780 Themistocles
1575 726 1747 791 dixit,
1799 727 2012 781 iterum
2063 725 2122 780 in
2165 742 2301 781 eum
2347 727 2622 782 invectus
2669 735 2760 779 est

548 803 887 859 Corinthius
914 805 1303 873 Adimantus3
1350 808 1527 878 tacere
1540 800 1758 873 jubens
1795 808 1970 860 virum
1999 807 2087 859 cui
2114 805 2270 860 nulla
2307 813 2380 859 stt
2414 808 2624 876 patria,
2651 822 2760 859 ve-

548 892 797 955 tansque
840 882 1240 957 Eurybiadem
1286 880 1564 956 suffragia
1601 900 1810 957 rogare
1851 900 2028 957 super
2065 886 2360 939 sententia
2395 884 2470 939 ab
2513 883 2763 939 homine

550 961 753 1018 exsule
776 962 1112 1035 proposita3
1162 961 1377 1033 quando
1416 964 1559 1016 enim
1595 964 1840 1035 patriam
1877 963 2154 1017 ostendere
2185 962 2568 1017 Themistocles
2589 970 2758 1035 potu-

550 1043 679 1105 erit,
712 1046 841 1095 tunc
866 1041 1079 1095 demum
1116 1042 1169 1095 ei
1215 1041 1425 1096 licitum
1448 1039 1583 1115 sore
1621 1045 1910 1097 sententias
1932 1059 2054 1097 ciem
2093 1041 2218 1097 aliis
2255 1040 2520 1115 conferre.
2609 1040 2762 1095 Haec

553 1122 613 1176 in
638 1135 775 1175 eum
798 1118 956 1175 dicta
982 1116 1251 1193 projecit,
1277 1118 1432 1193 quod
1473 1128 1660 1193 captoe
1699 1120 1966 1176 Athenae·
1995 1121 2055 1175 in
2103 1119 2360 1175 hostium
2403 1129 2604 1175 essent
2647 1136 2760 1190 po-

548 1204 778 1254 testate.
854 1198 1011 1255 Tum
1039 1216 1181 1254 vero
1204 1198 1632 1255 Themistocles
1660 1207 1720 1254 et
1743 1199 1912 1253 illum
1953 1207 2014 1253 et
2053 1199 2388 1255 Corinthios
2427 1199 2636 1255 multis
2665 1198 2760 1252 in-

546 1285 803 1333 sectatus
846 1276 1192 1341 maledictis,
1236 1277 1459 1332 ratione
1505 1279 1590 1333 eis
1631 1278 2083 1341 demonstravit,
2127 1284 2182 1331 et
2226 1278 2410 1332 urbem
2454 1285 2510 1332 et
2555 1285 2758 1332 terram

549 1356 961 1413 Atheniensibus
998 1356 1335 1430 anaphoram,
1365 1374 1529 1427 quam
1569 1358 1700 1422 illis,
1725 1374 1853 1423 esse,
1875 1358 2132 1429 quamdiu
2164 1358 2421 1412 ducentas
2465 1356 2758 1411 habuerint

548 1452 712 1491 naves
740 1438 1033 1491 instructas
1053 1460 1074 1503 ,-
1110 1435 1325 1491 nullum
1364 1437 1507 1491 enim
1541 1436 1787 1491 Graecum
1810 1436 2091 1509 populum,
2122 1454 2280 1509 quem
2315 1437 2584 1501 adierint,
2617 1438 2760 1507 ipsos
2862 1511 2871 1520 .

548 1532 657 1570 esse
684 1532 713 1569 r
780 1514 1043 1570 ulsurum.

629 1532 912 1651 Gsspraec
949 1598 1264 1684 postquam
1309 1592 1680 1668 significavit,
1709 1593 1779 1649 ad
1824 1593 2219 1667 Eurybiadem
2259 1599 2604 1649 convertens
2640 1608 2764 1647 ser-

549 1688 816 1737 monem,
846 1675 1068 1765 majore
1094 1668 1437 1727 incitatione
1462 1672 1584 1727 ait.
1635 1673 1759 1729 “'l
1761 1691 1796 1727 u
1829 1672 1878 1728 si
1904 1670 2000 1729 hic
2022 1690 2246 1737 manes,
2274 1673 2485 1762 hicque
2505 1686 2759 1731 manens

550 1756 597 1783 “
626 1751 839 1807 fortem
865 1758 924 1807 te
948 1752 1140 1807 virum
1186 1757 1442 1823 praestas,
1475 1759 1626 1805 recte
1653 1750 1896 1822 feceris3
1943 1752 1993 1807 si
2023 1768 2164 1817 non,
2193 1747 2483 1807 Graeciam
2515 1756 2762 1805 evertae.

578 1830 781 1886 ‘Nam
810 1846 1041 1886 summa
1085 1829 1221 1885 belli
1256 1829 1469 1885 nobis
1454 1847 1517 1885 ιιι
1547 1830 1794 1885 navibus
1818 1832 2081 1885 vertitur.
2160 1830 2256 1887 Τιι
2282 1836 2422 1885 'vero
2451 1827 2599 1884 mihi
2624 1844 2759 1883 mo-

552 1916 591 1941 “
630 1926 748 1965 rem
776 1925 936 1983 gere.
1019 1908 1087 1965 Id
1119 1906 1184 1963 ni
1212 1908 1437 1973 feceris,
1468 1924 1572 1963 nos
1608 1910 1846 1981 quidem
1875 1926 1908 1964 e
1934 1910 2208 1985 vestigi0‚
2239 1908 2488 1982 receptis
2515 1907 2759 1970 nostrie,

576 1987 773 2041 ‘Sirin
807 1988 1260 2057 proficiscemur,
1290 1986 1481 2042 Itahae
1496 1986 1727 2053 urbem
1747 1984 1874 2059 jam
1901 1988 2225 2061 antiquitus
2255 1998 2546 2051 nostram,
2573 2002 2758 2058 quam

576 2074 657 2119 ‘a
684 2064 848 2121 nobis
876 2065 1316 2121 instaurandam
1356 2082 1485 2119 esse
1525 2067 1762 2120 oracula
1798 2067 1980 2123 etiam
2019 2067 2259 2123 dicunt.
2301 2084 2406 2122 vos
2431 2082 2595 2132 vero,
2621 2063 2758 2119 tali-

578 2144 737 2198 ‘bus
764 2143 937 2199 sociis
964 2144 1194 2217 privati,
1226 2160 1432 2198 eorum
1460 2160 1592 2216 quae
1617 2144 1746 2200 dixi
1773 2146 2244 2203 reminiscemini.

629 2226 722 2279 63.
766 2220 879 2279 His
924 2240 961 2277 a
1008 2221 1407 2278 Themistocle
1448 2222 1622 2279 dictis
1675 2224 1918 2280 meliora
1962 2224 2205 2309 edptus
2253 2221 2620 2296 Eurybiades
2649 2231 2757 2279 est.

548 2302 629 2358 Et
655 2302 911 2358 maxime
936 2300 1175 2375 quidem
1218 2318 1290 2357 eo
1336 2302 1485 2357 mihi
1520 2301 1748 2357 videtur
1774 2305 2024 2359 sentent·
2154 2310 2440 2367 mutasse,
2467 2300 2630 2375 quod
2655 2320 2762 2359 ve-

549 2390 793 2447 reretur,
822 2396 915 2446 ne,
943 2382 993 2435 si
1020 2381 1091 2436 ad
1121 2376 1418 2436 Isthmum
1460 2380 1770 2437 deduceret
1801 2382 2072 2449 classem,
2100 2382 2482 2439 Athenienses
2521 2382 2758 2437 desere—

546 2466 681 2516 rent
719 2460 947 2522 socios:
978 2460 1093 2532 ,qui
1137 2460 1187 2514 si
1224 2458 1359 2515 illos
1404 2458 1818 2526 deseruissent,
1865 2462 2075 2534 reliqui
2115 2476 2237 2517 non
2287 2459 2541 2533 amplius
2583 2475 2759 2533 pares

548 2538 816 2595 hostibus
865 2534 1029 2671 effigiat
1083 2538 1287 2593 futuri.
1368 2538 1541 2594 Hanc
1591 2538 1779 2613 igitur
1827 2537 2081 2614 suscepit
2129 2539 2505 2605 sententiam,
2551 2550 2624 2595 ut
2673 2539 2759 2593 ibi

546 2626 875 2682 manerent,
903 2636 923 2671 1
970 2634 1099 2689 ique
1128 2616 1314 2671 navali
1342 2632 1548 2690 pugna
1569 2618 1960 2675 decernerent.
2266 2654 2272 2659 ›

628 2700 723 2751 64.
765 2696 900 2751 Hoc
926 2694 1105 2750 modo
1130 2710 1317 2767 quum
1341 2694 1404 2750 hi
1429 2696 1504 2749 ad
1531 2694 1867 2753 Salaminem
1893 2698 2088 2754 verbis
2111 2698 2268 2755 inter
2291 2714 2353 2752 se
2379 2705 2580 2753 essent
2603 2695 2756 2751 veli-

548 2774 677 2843 tati,
734 2782 1047 2847 postquam
1098 2772 1181 2829 ita
1216 2774 1436 2847 placuit
1479 2774 1825 2849 Eurybiadi,
1871 2776 1941 2832 ad
1995 2776 2488 2832 committendum
2535 2774 2760 2830 ibidem

547 2851 763 2910 navale
805 2852 1069 2925 praelium
1114 2870 1174 2909 se
1215 2862 1644 2924 compararunt.
1725 2852 1804 2909 Et
1846 2864 1916 2911 ut
1958 2855 2156 2911 illuxit
2199 2855 2348 2921 dies,
2394 2853 2578 2911 simul
2619 2870 2762 2910 eum

546 2932 769 2988 oriente
796 2931 920 2987 sole
962 2938 1023 2987 et
1061 2938 1215 2987 te‘rra
1252 2939 1310 2986 et
1352 2948 1514 2987 mare
1555 2934 1927 2989 contremuit.
2005 2934 2212 3007 Itaque
2249 2934 2360 2989 diis
2385 2940 2542 2989 -vota
2563 2931 2764 2989 facere

546 3010 787 3086 placuit,
816 3018 876 3066 et
902 3010 1180 3067 AEacidas
1226 3010 1413 3066 socios
1456 3011 1752 3067 invocare.
1839 3012 2035 3086 thue
2073 3013 2316 3087 placuit,
2341 3012 2427 3069 ita
2467 3010 2758 3068 fecerunt.

548 3091 707 3148 Deos
731 3106 939 3145 omnes
964 3090 1203 3163 precati,
1232 3089 1498 3163 protinus
1541 3104 1616 3146 ex
1636 3123 1640 3139 ι
1657 3089 1955 3147 Salamine
1984 3087 2221 3160 Ajacem
2247 3098 2326 3147 -et
2364 3090 2758 3146 Telamonem

546 3169 906 3225 advocarunt
932 3191 943 3222 :
990 3176 1050 3224 et
1100 3168 1171 3223 ad
1224 3168 1634 3225 advehendum
1661 3168 1914 3226 AEacum
1943 3170 2315 3245 reliquosque
2339 3168 2621 3226 AEacidas
2649 3186 2756 3225 na-

546 3265 681 3303 vem
714 3247 771 3301 in
800 3246 1085 3320 AEginam
1117 3247 1421 3303 miserunt.

628 3331 722 3381 65.
764 3324 901 3379 Fuit
929 3342 1031 3399 per
1072 3326 1133 3381 id
1172 3335 1404 3401 tempus
1446 3326 1709 3394 Dicaeus,
1737 3326 2062 3401 Theocydis
2107 3326 2285 3393 filius,
2311 3326 2458 3381 civis
2505 3326 2754 3383 Atheni·-

548 3407 724 3469 ensiS,
755 3403 921 3459 exsul
962 3412 1020 3459 et
1071 3404 1133 3460 in
1180 3405 1626 3463 existimatione¹
1657 3409 1812 3481 apud
1860 3408 2091 3473 MedoS,
2117 3407 2216 3479 qui
2264 3405 2524 3461 narravit
2565 3411 2609 3439 ‘⁴‘
2637 3422 2756 3479 quo

550 3491 595 3515 “
624 3492 885 3555 tempore
938 3481 1149 3549 Attica,
1206 3484 1652 3541 Atheniensibus
1713 3486 1950 3553 nudata,
2002 3486 2345 3542 vastabatur
2395 3502 2434 3539 a
2499 3484 2754 3559 pedestri

548 3566 591 3594 “
621 3562 834 3617 Xerxis
862 3562 1143 3628 exercitu,
1166 3563 1349 3619 fuisse
1375 3572 1520 3619 tunc
1539 3582 1598 3620 se
1623 3565 1776 3621 fort'e
1799 3582 1937 3621 cum
1962 3564 2279 3621 Demarato
2297 3562 2754 3619 Lacedaemonio

577 3645 681 3697 ‘in
708 3638 993 3696 'rbi-iasio
1000 3658 1229 3715 campo,
1254 3642 1582 3715 vidisseque
1607 3644 1690 3699 ibi
1714 3644 2013 3717 pulverem
2042 3644 2116 3699 ab
2139 3642 2416 3699 Eleusine
2441 3642 2750 3707 orientem,

577 3730 928 3791 ‘tamquam
981 3736 1017 3773 a
1054 3720 1127 3776 tri
1130 3721 1301 3794 ginta
1350 3720 1673 3777 admodum
1722 3720 1984 3779 millibus
2031 3719 2343 3779 hominum
2493 3784 2500 3792 ‚
2729 3746 2744 3789 3

576 3808 927 3873 ‘quumque
955 3798 1201 3855 miratus
1228 3806 1381 3855 esset
1406 3802 1759 3874 quibusnam
1789 3802 1862 3856 ab
1889 3801 2227 3857 hominibus
2273 3799 2399 3855 exci
2601 3818 2630 3855 r
2651 3799 2748 3855 ille

548 3877 836 3953 “pulvis,
866 3876 1171 3934 exaudisse
1193 3894 1330 3934 mox
1366 3896 1598 3943 vocem,
1623 3898 1757 3972 ¹11!ae
1796 3898 1909 3936 vox
1937 3881 1990 3935 ei
2019 3883 2142 3935 visa
2169 3888 2321 3935 esset
2345 3728 2752 3953 'afflue

549 3954 888 4014 “Iacchus
968 3955 1128 4011 Tum
1168 3955 1578 4021 Demaratum,
1609 3960 1707 4032 qui
1747 3976 2045 4015 sacrorum
2073 3956 2750 4023 Eleusiniorumffuisset

550 4042 593 4065 “
626 4037 891 4110 ignarus,
922 4052 995 4089 ex
1030 4052 1093 4092 se
1120 4037 1395 4108 quaesisse
1423 4038 1562 4109 quid
1609 4047 1762 4094 esset
1787 4039 1943 4111 quod
1969 4036 2053 4093 ita
2081 4044 2338 4103 sonaret,
2369 4053 2553 4110 seque
2575 4036 2630 4091 ei
2659 4051 2748 4090 re-

548 4116 589 4145 “
625 4120 643 4143 ‘
671 4113 971 4186 spondisse
994 4136 1004 4169 :
1036 4113 1354 4169 Demarate
1379 4115 1394 4168 ἵ
1429 4116 1584 4171 haud
1605 4116 1791 4173 aberit
1820 4118 1960 4191 quin'
1987 4134 2204 4192 magna
2227 4114 2418 4172 clades
2435 4114 2750 4171 exereitum

546 4200 590 4225 “
620 4193 773 4267 regis
802 4192 1057 4267 adfligat.
1100 4195 1303 4255 Quum
1329 4195 1484 4252 enim
1513 4196 1741 4253 deserta
1767 4192 2080 4263 sit-Attica,
2109 4210 2346 4271 prorsus
2363 4193 2744 4251 manifestum

971 4523 1066 4610 δ

2905 4238 2908 4377 1

2903 4544 2906 4647 ι

2891 4672 2904 4960 l
