2925 4992
1025 270 1541 357 rosvinum.
1618 370 1629 387 δ
2306 296 2435 359 ssr.

207 450 478 529 σημήια,
491 466 617 509 nm
637 444 1653 514 eodemmlosseoeeiomnesemnt
1674 442 1907 507 adfeeti.
1960 450 2193 525 Quippe
2212 466 2421 512 eorum

199 530 332 597 atii,
357 546 544 605 quum
571 538 788 587 terram
813 537 874 588 et
901 544 1112 621 aquam
1141 529 1334 587 Persae
1359 528 1673 595 dedissent,
1702 528 2077 587 confidebant
2104 529 2251 585 nihil
2278 530 2429 591 mari

205 626 242 665 a
269 610 522 665 barbaro
549 608 681 667 sibi
687 608 958 666 illatum
945 608 1048 663 nri.
1091 608 1196 665 alii
1221 625 1382 673 vero,
1405 607 1511 680 qui
1534 624 1657 663 non
1674 606 1975 674 dederant,
1996 608 2229 683 ingenti
2252 617 2427 667 metu

202 688 596 745 tenebantur·
579 712 596 757 3
639 704 832 761 quum
866 703 972 743 nec
1009 686 1254 745 navium
1293 686 1541 745 idoneus
1568 702 1847 745 numerus
1884 696 2039 743 esset
2078 688 2139 749 in
2164 687 2419 755 Graecia,

203 766 424 839 quibus
474 766 740 839 excipere
781 764 1156 823 invadentem
1197 764 1430 822 hostem
1484 771 1747 837 possent,
1786 774 1849 822 et
1884 765 2206 823 multitudo
2252 783 2423 823 arura.

200 861 412 918 capere
436 845 642 910 nollet,
669 844 770 901 sed
797 842 950 901 hauri
975 851 1314 901 cunctanter
1327 842 1559 899 faveret
1582 842 1797 902 Medis,

285 926 420 979 1³9.
455 924 658 996 Atque
677 922 948 981 hocloco
993 922 1310 979 necessitas
1355 938 1454 977 me
1496 922 1677 1005 cogit,
1714 929 1783 979 ut
1824 922 2173 981 sententiam
2199 904 2425 989 ὤσει»-

193 1001 550 1059 invidiosam
577 1000 818 1075 quidem
863 1000 1028 1057 illam
1067 998 1222 1073 apud
1261 1000 1569 1073 plerosque
1608 1000 1913 1059 hominesz
1960 1018 2069 1057 nee
2096 1014 2293 1065 tamen
2315 1018 2425 1060 me·

198 1081 492 1146 retinebo,
523 1082 664 1153 quin
697 1079 758 1137 id
779 1078 938 1153 quod
971 1078 1286 1137 manifeste
1316 1095 1519 1135 verum
1544 1078 1690 1135 mihi
1731 1078 1981 1147 videtur,
2010 1080 2425 1172 pronunciem-

199 1154 268 1215 Si
292 1159 683 1215 Athenienses
711 1156 1074 1213 imminentis
1099 1157 1342 1230 periculi
1375 1164 1541 1215 metu
1568 1162 1721 1213 terra
1746 1172 1855 1215 sua
1878 1159 2281 1225 excessissent,
2308 1166 2421 1220 aut

196 1236 252 1292 si
279 1245 600 1295 manentes
645 1236 1016 1293 tradidissent
1057 1252 1119 1291 se
1154 1232 1362 1304 Xerxi,
1390 1236 1729 1291 Graecorum
1776 1234 1927 1293 nulli
1964 1236 2293 1311 periculum
2322 1236 2415 1292 fa-

199 1316 365 1373 cturi
390 1324 560 1372 erant
599 1316 752 1371 mari
791 1312 1131 1371 occurrendi
1151 1313 1302 1402 regi.
1380 1312 1553 1375 Quod
1604 1313 1654 1368 si
1700 1328 1843 1389 ergo
1870 1316 2017 1371 mari
2048 1330 2236 1371 nemo
2248 1314 2416 1373 resti-

197 1395 378 1451 tisset
401 1394 620 1459 Xerxi,
635 1393 702 1449 in
727 1392 1056 1451 continenti
1079 1388 1284 1465 utique
1321 1388 1408 1449 ita
1443 1410 1507 1449 se
1552 1409 1643 1449 res
1678 1399 1803 1449 erat
1840 1392 2131 1451 habitura.
2211 1392 2417 1455 Quan-

194 1473 429 1531 tumvis
469 1472 678 1532 multae
718 1486 1026 1527 mmmm
1073 1471 1270 1529 lorieoe
1311 1488 1414 1545 per
1458 1466 1757 1529 Isthmum
1784 1471 2035 1529 fuissent
2058 1490 2097 1529 a
2118 1470 2413 1550 Pelopon-

197 1552 386 1609 nesiis
411 1558 636 1618 erectae,
666 1550 877 1606 deserti
901 1548 1332 1607 Lacedaemonii
1361 1566 1396 1604 a
1421 1550 1595 1605 sociis
1626 1554 1773 1623 (non
1798 1550 1917 1607 illis
1944 1551 2180 1625 quidem
2204 1550 2417 1607 volen-

199 1628 390 1696 tibus,
419 1630 520 1685 sed
561 1629 908 1685 necessitate
943 1629 1180 1694 coactis,
1208 1626 1426 1703 quippe
1465 1644 1720 1702 quorum
1760 1628 2025 1686 civitates
2060 1628 2415 1703 singulatim

193 1709 280 1767 ab
327 1708 586 1765 hostium
631 1707 813 1765 classe
861 1706 1109 1763 fuissent
1154 1706 1540 1783 expugnatae)
1592 1706 1703 1763 soli
1749 1704 1995 1765 fuissent
2034 1708 2259 1769 relicti:
2306 1706 2419 1763 soli

199 1794 408 1844 autem
439 1786 648 1851 relicti,
675 1784 928 1843 fortibus
953 1785 1124 1843 editis
1150 1782 1535 1851 facinoribuS,
1558 1802 1843 1859 generose
1882 1796 2045 1843 erant
2074 1786 2419 1844 occubituri.
2454 1836 2462 1841 .

195 1871 328 1923 Aut
355 1868 470 1923 hoc
508 1864 634 1921 fato
677 1872 844 1921 erant
889 1864 1186 1921 functuri:
1231 1872 1358 1930 aut,
1386 1865 1725 1937 priusquam
1763 1865 1909 1923 illud
1938 1865 2135 1923 forent
2172 1865 2416 1939 experti,

201 1960 399 2017 quum
442 1943 724 2001 vidissent
765 1942 1017 2017 reliquos
1057 1942 1296 1999 Graecos
1338 1958 1480 1999 cum
1523 1942 1717 1999 Medis
1760 1942 1999 2011 sentire,
2029 1944 2139 2018 ipsi
2184 1959 2421 2080 &ioque

197 2022 564 2079 deditionem
593 2030 760 2078 erant
785 2022 1040 2078 facturi:
1085 2029 1262 2095 atque
1307 2020 1410 2088 ita,
1435 2020 1789 2077 utrumlibet
1830 2024 2160 2088 accidisset,

198 2097 267 2159 in
294 2108 585 2174 potestate
631 2108 756 2157 erat
804 2100 1007 2155 futura
1045 2100 1374 2157 Persarum.
1461 2102 1625 2157 Nam
1672 2117 1980 2157 murorum
2028 2100 2267 2162 illorum
2314 2118 2419 2177 per

201 2178 504 2237 Isthmum
533 2179 847 2235 ductorum
873 2196 1148 2251 quaenam
1185 2178 1387 2235 futura
1410 2177 1621 2234 fuisset
1658 2178 1910 2246 utilitas,
1940 2189 2223 2273 exputare
2246 2180 2419 2254 equi-

197 2258 344 2315 dem
391 2275 512 2315 non
561 2275 822 2331 possum,
849 2257 1086 2331 quando
1130 2274 1232 2311 rex
1271 2257 1450 2312 maris
1493 2252 1773 2313 tenuisset
1824 2258 2156 2331 imperium.
2240 2256 2417 2317 Nunc

205 2338 260 2394 si
287 2336 423 2411 quis
463 2336 639 2404 dicat,
667 2333 1018 2393 Athenienses
1053 2340 1399 2407 sospitatores
1419 2333 1601 2407 fuisse
1635 2334 1877 2401 Graecioe,
1906 2352 2022 2391 non
2064 2334 2419 2393 aberraverit

195 2433 447 2473 avero:
493 2411 734 2483 etenim,
759 2422 954 2472 utram
997 2413 1288 2471 rationem
1331 2428 1525 2469 rerum
1564 2412 1954 2489 gerendarum
1983 2414 2068 2469 illi
2100 2430 2411 2487 sequeren-

197 2499 326 2561 tur,
354 2512 430 2550 ea
479 2493 628 2549 ratio
669 2492 1180 2569 praeponderatura
1218 2498 1360 2548 erat.
1438 2490 1666 2564 Itaque,
1704 2508 1886 2564 quum
1935 2493 2046 2548 hoc
2085 2494 2201 2548 sint
2232 2492 2417 2549 secuti

201 2581 272 2629 ut
298 2572 489 2629 libera
530 2580 789 2629 maneret
814 2570 1057 2635 Graecia,
1089 2571 1150 2625 hi
1175 2571 1283 2627 soli
1325 2577 1481 2635 sunt,
1511 2570 1635 2643 qui,
1663 2568 1945 2645 quidquid
1972 2567 2161 2627 Graeci
2188 2572 2419 2647 generis

203 2652 505 2727 reliquum
533 2659 656 2707 erat
681 2650 838 2743 quo-d
867 2667 1000 2706 cum
1026 2648 1218 2705 Medis
1252 2666 1372 2705 non
1417 2650 1680 2715 sentiret,
1710 2648 1767 2704 id
1794 2650 2146 2718 excitarunt,
2175 2648 2417 2723 quique,

203 2728 532 2787 seeundum
560 2729 699 2785 deos
721 2729 952 2803 utique,
981 2745 1180 2803 regem
1210 2728 1571 2800 repulerunt.
1649 2726 1859 2801 Neque
1899 2746 2000 2785 eos
2038 2728 2276 2785 oracula
2300 2736 2419 2785 ter·

202 2804 406 2865 ribilia
447 2806 694 2883 Delphis
735 2808 1127 2873 advenientia,
1156 2806 1575 2881 ingentemque
1616 2803 1961 2863 incutientia
2000 2816 2253 2873 metum,
2284 2826 2441 2863 mo·-

202 2904 342 2943 vere
369 2890 696 2962 potuerunt
719 2896 787 2943 ut
815 2886 1102 2941 Graeciam
1129 2882 1496 2941 desererent·
1544 2882 1645 2940 sed
1682 2890 2095 2959 permanentes
2118 2886 2416 2943 sustinue-

213 2972 360 3021 runt
387 2964 762 3023 invadentem
791 2964 936 3021 fines
961 2980 1100 3020 suos
1129 2960 1374 3020 bostem.

290 3048 425 3101 140.
463 3042 668 3100 Missis
687 3044 844 3101 enim
864 3042 1129 3117 Delphos
1155 3042 1365 3117 legatis
1386 3040 1691 3097 consulere
1718 3040 2023 3097 oraculum
2038 3040 2419 3100 Athenienses

204 3122 533 3179 voluerant.
612 3123 731 3183 Qui
769 3121 950 3203 leg-ati
989 3127 1323 3213 postquam,
1353 3120 1599 3193 peractis
1623 3119 1779 3175 circa
1804 3118 2107 3213 templum·
2134 3120 2419 3195 legitimis

204 3200 586 3267 caerimoniiS,
613 3200 799 3257 aedem
831 3194 1026 3257 essent
1055 3198 1302 3275 ingressi
1339 3196 1870 3273 consedissentque,
1897 3196 2012 3257 hoc
2057 3198 2141 3260 eis
2184 3196 2419 3275 Pythia,

205 3281 306 3337 cui
333 3296 554 3339 nomen
581 3281 708 3335 erat
734 3278 1084 3345 Aristonica,
1113 3277 1419 3335 oraculum
1444 3276 1741 3333 ediderat·

338 3428 386 3477 0
409 3425 598 3475 miseri!
635 3427 750 3487 quid
772 3425 976 3475 sedetis?
1015 3426 1165 3483 fugite
1185 3428 1244 3473 nd
1265 3430 1743 3487 extremam-rarum,

339 3492 541 3543 Relictis
563 3492 739 3539 aedibus
761 3497 812 3539 et
831 3492 1026 3539 summis
1045 3492 1243 3539 collibus
1265 3490 1729 3539 in-orbem-conditoe
1750 3490 1881 3539 urbis
1891 3490 1913 3537 ·!

325 3558 445 3615 ,Nec
465 3558 594 3603 enim
615 3563 758 3619 caput
779 3554 966 3604 firmum
989 3558 1216 3616 manebit,
1241 3572 1333 3604 nec
1350 3569 1541 3616 corpus,

339 3624 446 3672 Nec
467 3624 662 3669 extremi
684 3623 846 3683 pedes,
871 3636 1024 3681 neque
1047 3634 1236 3680 manns,
1253 3634 1348 3669 nec
1370 3622 1427 3667 de
1448 3621 1604 3669 medis
1623 3620 1880 3681 quidquam

337 3688 604 3750 superuis,
625 3689 706 3735 sed
726 3690 894 3735 nineve
915 3687 1104 3734 adflicta
1123 3688 1228 3733 erit.
1295 3686 1598 3735 niutan-babit
1618 3686 1747 3733 enin
1766 3685 1899 3732 illan

339 3754 411 3803 Et
431 3753 580 3813 ignis,
598 3759 654 3799 >et
673 3767 778 3801 acer
798 3754 1008 3809 Mavors,
1024 3754 1267 3813 ‚Syriacum
1289 3764 1432 3809 agens
1453 3764 1661 3799 carrum.

337 3819 594 3878 Multaque
615 3819 760 3865 etiam
777 3819 874 3865 alia
892 3819 1078 3865 munita
1097 3818 1261 3879 perdet
1279 3817 1402 3873 loca,
1422 3828 1523 3865 non
1540 3816 1687 3863 modo
1704 3818 1847 3866 tunm
1858 3832 1873 3863 z

338 3884 594 3943 Multaque
617 3882 961 3930 Immortalium
983 3884 1161 3944 templa
1177 3882 1338 3929 rabido
1363 3880 1494 3927 dabit
1516 3880 1640 3941 igni,

247 3953 253 3961 ‘
341 3948 467 4000 Qua
485 3946 587 4007 jam
611 3962 742 3994 nunc
762 3950 938 4009 passim
961 3952 1093 3994 stant
1115 3949 1282 3994 sudore
1301 3946 1579 4005 defluentia,

339 4014 578 4075 natuque
597 4012 878 4060 mentia.
913 4016 962 4059 et
985 4014 1042 4059 de
1063 4013 1258 4059 summis
1277 4012 1419 4059 tectis

338 4079 548 4141 Sanguis
569 4084 674 4125 ater
691 4077 877 4135 Mnit,
889 4076 1238 4129 inevitabilium
1255 4077 1559 4139 prenuncia·
1578 4074 1827 4123 ωιΙηιιιμ.

339 4144 444 4195 Sed
455 4142 666 4193 excedite
678 4144 782 4214 yses
801 4143 1054 4209 potentii,
1075 4146 1126 4193 οι
1145 4142 1307 4266 anmi
1311 4143 1458 4195 robur
1478 4140 1706 4205 enotuit·
1724 4137 1878 4209 μὴ·
