2925 4992
516 310 634 367 388
1051 300 1548 369 HERODOTI
1601 300 1960 363 HISTOR.
2007 304 2180 365 vm.

526 464 933 527 sciscitabatur
957 465 1077 537 qais
1098 470 1235 521 esset
1260 464 1356 537 qui
1392 464 1453 519 id
1473 462 1698 539 fecisset
1714 486 1735 519 .-
1772 470 1834 521 et
1857 465 2068 523 scribae
2105 463 2398 523 notabant
2433 464 2731 536 trierarchi

525 563 748 607 nomen
773 560 913 602 cum
948 544 1131 618 patris
1158 550 1219 601 et
1241 543 1498 599 civitatis
1539 544 1796 600 nomine.
1875 544 2128 619 Insuper
2163 562 2308 601 vero
2347 545 2532 603 etiam
2565 546 2738 611 ,Aria-

524 642 761 685 ramncs
784 622 984 689 Persa,
1012 623 1113 696 qui
1156 630 1301 679 tunc
1332 622 1552 688 aderat,
1577 638 1817 695 operam
1845 640 2014 680 suam
2039 623 2308 691 Ionibus,
2335 640 2596 696 quorum
2623 630 2742 681 erat

522 706 768 771 amicus,
820 702 893 760 ad
942 703 1055 759 hoc
1092 700 1423 761 contulerat
1464 710 1536 757 ut
1581 701 1808 759 malum
1846 702 1998 767 illud,
2036 702 2099 759 in
2148 700 2500 775 Phoenicum
2551 704 2745 778 capita

524 788 865 843 verteretur.
1947 802 1955 811 ·
2016 814 2026 822 -

606 869 706 922 91.
747 861 829 917 Et
854 858 951 916 isti
992 857 1229 932 quidem
1270 856 1329 913 in
1374 857 1678 913 Phoenices
1721 875 1784 913 se
1827 860 2261 917 convertebant.
2343 861 2466 919 Ubi
2505 878 2652 919 vero
2689 864 2745 920 in

508 943 721 1019 sugam
768 942 910 997 versi
962 938 1205 993 Barbari
1270 936 1584 993 Phalerum
1641 936 1894 993 navibus
1945 940 2398 1007 contenderunt,
2441 938 2544 1001 ,ibi
2601 948 2746 999 tunc

525 1022 851 1097 AEginetae,
892 1017 955 1072 in
994 1016 1149 1073 freto
1188 1016 1252 1071 in
1294 1015 1570 1071 subsidiis
1609 1022 1857 1082 stantes,
1889 1026 2224 1075 memoratu
2251 1019 2432 1093 digna
2475 1018 2746 1077 facinora

526 1100 778 1159 edidere.
888 1094 1127 1151 Etenim
1170 1094 1562 1151 Athenienses
1601 1094 1840 1167 quidem
1885 1096 1944 1149 in
1991 1094 2100 1152 hoc
2140 1098 2410 1153 tumultu
2455 1114 2648 1155 naves
2687 1108 2745 1155 et

527 1178 859 1237 resistentes
900 1182 961 1230 et
1000 1174 1299 1249 fugientes
1344 1172 1690 1247 perdebant,
1735 1173 2034 1249 AEginetoe
2077 1194 2218 1232 vero
2256 1194 2354 1233 ees
2377 1194 2518 1251 quse
2541 1178 2742 1250 praelio

525 1256 921 1317 excedebant:
984 1260 1066 1319 et,
1096 1269 1227 1325 quae
1273 1250 1602 1325 periculum
1647 1253 1726 1307 ab
1766 1252 2216 1313 Atheniensibus
2249 1255 2610 1330 effugerant,
2655 1256 2742 1313 hae

522 1338 669 1395 dum
694 1332 1055 1407 recipiebant
1078 1348 1162 1397 se,
1192 1328 1255 1385 in
1284 1330 1598 1405 AEginetas
1623 1330 1982 1387 incidebant.

602 1420 702 1474 9'2.
748 1414 841 1469 lhi
879 1410 1033 1467 forte
1075 1416 1283 1467 mutuo
1320 1410 1433 1466 sibi
1464 1421 1844 1483 occurrerunt
1885 1411 2053 1467 navis
2093 1412 2536 1480 Themistoclis,
2567 1413 2742 1471 aliam

522 1512 738 1553 navem
782 1489 1205 1565 persequentis,
1234 1497 1293 1544 et
1333 1487 1612 1563 Polycriti
1655 1489 1842 1555 navis,
1871 1488 1990 1545 Crii
2035 1490 2162 1556 filii,
2189 1490 2518 1565 AEginetae,
2545 1492 2654 1565 qui
2683 1492 2740 1549 in

522 1573 819 1631 Sidoniam
862 1570 1024 1625 illam
1065 1584 1274 1625 navem
1316 1567 1607 1640 impetum
1643 1568 1876 1643 fecerat.
1905 1586 1941 1624 a
1979 1586 2097 1643 qua
2127 1570 2286 1643 prius
2314 1570 2390 1627 ad
2431 1570 2739 1633 Sciathum

522 1660 695 1727 capta
719 1652 911 1705 fuerat
937 1645 1277 1723 AEginensis
1311 1646 1478 1702 navis
1519 1640 1914 1717 peculatoria3
1959 1664 2076 1720 qua
2101 1650 2238 1704 navi
2267 1649 2599 1707 vehebatur
2623 1650 2740 1723 Py-

522 1732 700 1797 theas,
724 1727 994 1786 [schenoi
1034 1726 1213 1791 filius,
1240 1741 1415 1798 quem
1456 1724 1650 1781 Persae
1688 1726 1900 1782 misere
1939 1728 2247 1783 concisum
2278 1728 2336 1783 in
2377 1728 2516 1785 navi
2559 1728 2738 1786 habe-

518 1811 689 1878 bant,
718 1808 1001 1863 virtutem
1028 1801 1157 1877 ejus
1189 1804 1566 1861 admirantes.
1645 1804 1832 1861 Hunc
1872 1805 2056 1879 igitur
2085 1806 2370 1880 Pythoum
2395 1807 2588 1863 simul
2601 1824 2740 1865 cum

518 1890 713 1947 Persis
750 1888 973 1942 vehens
1013 1884 1183 1941 navis
1226 1884 1465 1939 Sidonia
1499 1892 1672 1955 capta
1710 1900 1866 1939 nunc
1911 1894 1998 1940 est
2028 1904 2062 1939 a
2105 1885 2423 1958 Polycrito,
2451 1893 2638 1959 atque
2663 1888 2744 1945 ita

520 1974 785 2026 servatus
818 1964 1086 2037 PytheaS,
1108 1968 1168 2018 et
1193 1962 1482 2035 AEginam
1509 1962 1644 2018 dein
1669 1962 1974 2019 adductus.
2051 1962 2188 2019 Jam
2215 1965 2319 2021 ubi
2341 1965 2614 2021 Atticam
2635 1983 2740 2022 na-

522 2064 656 2104 vem
700 2042 1003 2115 conspexit
1042 2037 1392 2114 PolycrituS,
1420 2058 1672 2112 eamque
1697 2058 1771 2097 ex
1807 2042 2027 2117 insigni
2053 2043 2433 2114 imperatorio
2469 2046 2738 2119 agnovit,

524 2125 849 2182 inclamans
874 2118 1279 2183 Themistocli,
1308 2126 1369 2174 et
1392 2116 1664 2175 conviciis
1703 2136 1839 2175 eum
1868 2120 2204 2187 insectatus,
2237 2122 2352 2187 Ita,
2379 2123 2483 2189 ait,
2505 2123 2742 2197 AEgine·

523 2212 591 2263 tae
632 2202 811 2259 Medis
834 2198 1075 2274 favent!
1156 2197 1305 2254 Haec
1351 2196 1697 2269 Polycritus,
1727 2206 2038 2272 postquam
2071 2202 2128 2260 in
2169 2218 2384 2257 navem
2427 2202 2608 2259 istam
2633 2203 2740 2261 im·

519 2290 725 2360 petum
768 2280 1005 2345 fecerat,
1034 2280 1097 2333 in
1144 2275 1602 2339 Themistoclem
1641 2272 1906 2351 projecit.
1987 2278 2232 2335 Barbari
2278 2298 2440 2347 vero,
2483 2298 2742 2355 quorum

518 2362 861 2437 superfuere
900 2376 1103 2427 naveS,
1135 2356 1278 2431 fuga
1320 2355 1635 2413 Phalerum
1674 2356 1784 2413 sub
1819 2355 2108 2431 ‚pedestris
2139 2360 2432 2417 exercitus
2471 2368 2746 2419 tutamen

515 2445 930 2517 pervenerunt.
1697 2490 1704 2497 .

598 2524 693 2579 93.
734 2514 804 2573 In
834 2518 947 2573 hac
988 2514 1184 2571 navali
1212 2532 1411 2595 pugna
1436 2532 1468 2570 e
1511 2514 1730 2570 Graecis
1761 2516 2116 2589 praecipuam
2157 2517 2394 2575 laudem
2437 2520 2744 2577 consecuti

519 2606 663 2656 sunt
701 2596 1036 2671 AEginetae3
1086 2604 1144 2648 et
1188 2602 1321 2667 post
1364 2594 1495 2658 hos,
1521 2593 1944 2651 Athenienses:
2007 2613 2080 2653 ex
2122 2596 2376 2671 singulis
2416 2616 2564 2654 vero
2605 2600 2746 2656 viris

518 2675 849 2751 Polycritus
883 2673 1190 2746 AEgineta,
1220 2680 1279 2728 et
1306 2673 1423 2729 duo
1464 2672 1878 2739 Athenienses,
1906 2673 2208 2732 Eumenes
2231 2675 2660 2755 Anagyrasius,
2685 2686 2744 2735 et

518 2754 787 2813 Aminias
818 2751 1195 2815 Pellenensis,
1224 2751 1272 2806 is
1298 2752 1401 2825 qui
1439 2751 1816 2809 Artemisium
1845 2765 2184 2827 persecutus
2209 2762 2319 2811 ωε.
2399 2757 2530 2819 Qui
2557 2758 2613 2813 si
2637 2758 2746 2815 sci-

518 2836 701 2891 visset
722 2826 862 2888 navi
888 2830 991 2885 illa
1016 2830 1391 2887 Artemisiam
1438 2829 1594 2895 vehi,
1625 2848 1747 2887 non
1773 2832 1935 2903 prius
1961 2831 2254 2891 desiturus
2279 2841 2406 2890 erat
2431 2852 2618 2907 quam
2643 2844 2746 2893 aut

521 2912 687 2969 illam
716 2911 961 2984 cepisset
986 2917 1087 2964 aut
1106 2909 1229 2983 ipse
1254 2917 1459 2983 captus
1483 2909 1726 2966 fuisset:
1771 2928 1905 2966 nam
1930 2910 2386 2969 Atheniensium
2410 2914 2748 2979 triremium

520 2990 811 3067 praefectis
836 2990 948 3045 hoc
988 2988 1341 3061 imperatum
1382 2995 1526 3056 erat,
1555 2996 1944 3062 praetereaque
1986 2991 2293 3063 praemium
2321 3001 2448 3049 erat
2470 2994 2744 3067 proposi-

520 3082 653 3129 tum
680 3072 879 3125 decem
912 3066 1097 3123 millia
1136 3068 1569 3133 drachmarum,
1598 3068 1646 3123 si
1670 3068 1802 3140 quis
1830 3086 1962 3125 eam
2001 3070 2198 3127 vivam
2228 3071 2478 3144 cepisset
2499 3088 2518 3126 ε
2570 3088 2742 3148 mag-

524 3165 746 3222 nopere
789 3147 1005 3220 quippe
1046 3146 1337 3220 indignati
1377 3154 1540 3202 erant
1575 3148 1883 3203 mulierem
1917 3157 2119 3205 contra
2159 3149 2424 3223 Athenas
2465 3150 2739 3219 militare.

522 3230 603 3287 At
630 3228 755 3283 haec
783 3224 1040 3298 quidem,
1059 3232 1128 3280 ut
1154 3240 1327 3297 supra
1348 3224 1569 3281 dictum
1601 3233 1712 3291 est,
1734 3226 2064 3299 periculum
2091 3227 2338 3303 effugit:
2383 3228 2490 3286 sed
2519 3238 2582 3287 et
2607 3230 2739 3287 reli-

522 3308 647 3382 qui,
676 3321 929 3378 quorum
956 3302 1297 3377 superfuere
1320 3320 1517 3369 naves,
1549 3304 1864 3360 Phalerum
1891 3323 1954 3361 se
1982 3317 2343 3379 receperunt.

602 3386 699 3443 94.
740 3382 1122 3439 Adimantum
1167 3400 1327 3446 vero,
1356 3382 1802 3443 Corinthiorum
1842 3383 2074 3451 ducem,
2117 3386 2290 3449 aiunt
2329 3385 2736 3455 Athenienses,

521 3464 701 3521 initio·
730 3459 954 3527 statim,
982 3468 1049 3517 ut
1088 3472 1514 3517 concurrerunt
1554 3478 1760 3529 naves,
1795 3471 1960 3519 metu
2001 3473 2335 3538 terroreque
2374 3458 2758 3539 perculsum,

524 3541 831 3599 sustulisse
857 3540 987 3597 vela
1001 3540 1143 3603 etin
1163 3540 1369 3615 fugam
1402 3541 1937 3615 seseproripuisse:
1980 3543 2354 3618 reliquosque
2371 3546 2738 3613 Corinthios,

521 3619 959 3697 imperatorium
988 3636 1195 3675 navem
1226 3619 1492 3676 videntes
1520 3619 1825 3696 aufugere,
1853 3622 2068 3693 pariter
2093 3622 2322 3687 abiisse.
2385 3625 2532 3685 Qui
2555 3643 2736 3700 quum

521 3703 587 3758 in
613 3701 763 3776 fuga
802 3716 876 3754 ex
902 3696 1145 3753 adverso
1171 3697 1378 3771 templi
1402 3697 1694 3754 Minervae
1720 3698 1992 3766 SciradiS,
2019 3686 2176 3774 quod
2209 3703 2274 3757 in
2301 3702 2608 3775 Salamine
2629 3713 2732 3770 est,

521 3786 915 3852 versarentur,
944 3776 1214 3833 incidisse
1252 3777 1313 3832 in
1343 3792 1443 3832 eos
1485 3786 1814 3835 memorant
1852 3778 2111 3837 celocem
2137 3780 2422 3839 divinit-us
2449 3784 2728 3851 missam5

522 3876 700 3934 quam
728 3858 830 3933 qui
858 3856 1131 3921 misisset,
1160 3862 1455 3929 repertum
1490 3870 1618 3913 esse
1641 3858 1976 3928 neminem;
2023 3860 2335 3916 accessisse
2373 3876 2510 3919 eam
2539 3870 2732 3919 autem

521 3938 596 3994 ad
638 3935 995 4002 Corinthios,
1022 3932 1295 3990 omnium
1338 3950 1470 4007 quse
1501 3936 1656 4009 apud
1696 3934 2018 3994 exercitum
2041 3946 2232 4013 'gesta
2269 3947 2438 3995 erant
2475 3940 2734 4015 ignaros,

518 4016 727 4075 Fuisse
754 4021 951 4071 autem
982 4013 1237 4070 divinam
1264 4030 1389 4069 rem
1416 4013 1552 4069 inde
1579 4014 1893 4091 colligunt,
1923 4017 2082 4089 quod
2105 4018 2208 4091 qui
2235 4017 2299 4073 in
2321 4018 2522 4075 celoce
2543 4026 2727 4083 erant,

520 4112 706 4169 quum
740 4093 814 4150 ad
828 4110 1021 4151 naves
1061 4092 1653 4176 adpropinquassent,
1669 4093 1810 4150 liaec
1837 4094 2160 4153 dixissent:
2205 4103 2247 4127 “
2272 4095 2624 4155 Adimante!
2667 4106 2728 4151 tu

522 4181 565 4209 “
593 4172 862 4231 abductis
898 4171 1145 4231 navibus
1172 4170 1231 4228 in
1261 4172 1465 4249 fugam
1497 4181 1552 4229 te
1593 4173 1932 4247 proripuisti
1960 4175 2482 4253 prudensaGraecos
2507 4200 2520 4235 z
2565 4186 2626 4234 at
2645 4175 2724 4231 illi
