2925 4992
1106 274 1619 352 POLY'MNI'A.
2358 302 2477 357 313

255 458 412 511 esset
465 452 804 511 collaturus.
885 452 1007 515 Qui
1047 452 1150 509 ubi
1197 453 1474 528 pecunias
1520 452 1764 522 obtulit,
1808 441 2076 528 quaesivit
2122 450 2349 514 Xerxes
2396 476 2471 517 ex

253 534 642 606 praesentibus
670 532 860 589 Persis
864 573 885 600 ,
927 534 1173 605 quisnam
1213 534 1485 589 hominum
1510 540 1641 589 esset
1668 532 1927 608 Pythia-r,
1958 542 2011 590 et
2036 540 2269 607 quantas
2291 541 2463 611 possi-

251 613 406 667 deret
438 614 680 677 divitias,
711 614 806 684 qui
847 614 958 667 ista
983 611 1249 685 offerret?
1287 613 1400 669 Cui
1443 612 1531 667 illi
1576 612 2030 689 respondet-unt:
2080 620 2125 645 “
2157 614 2317 672 ldem
2367 618 2461 673 hic

255 696 299 723 “
329 699 440 755 est,
471 691 624 757 Rex,
652 693 751 764 qui
783 691 933 765 patri
959 700 1065 747 tuo
1096 692 1278 748 Dario
1303 708 1539 747 auream
1571 691 1877 764 platanum
1902 709 2255 767 aureamque
2284 696 2460 751 vitem

249 775 294 801 “
325 770 484 826 dono
509 769 709 827 dedit:
753 779 958 843 estque
985 779 1119 843 post
1159 778 1216 827 te
1257 786 1420 827 nunc
1463 771 1793 839 hominum,
1822 788 1971 847 quos
2012 773 2303 843 novimum,
2332 792 2463 831 om-

249 854 288 880 “
314 849 482 905 nium
511 850 782 923 princeps
805 850 1088 906 divitiis.'’'

328 931 428 984 28.
466 928 722 985 Miratus
750 946 852 984 rex
879 928 1168 1003 posterius
1211 928 1324 985 hoc
1364 929 1629 997 verbum,
1656 929 1781 1003 ipse
1814 930 2029 987 deinde:
2066 930 2343 1006 Pythium
2372 932 2459 989 in-

247 1008 600 1083 terrogavit,
655 1016 890 1079 quantas
929 1010 1226 1080 possideret
1263 1012 1521 1081 pecunias
1540 1009 1571 1062 ‚⁹
1634 1008 1712 1064 Et
1752 1009 1878 1079 ilie,
1922 1016 1965 1040 “
1995 1008 2195 1075 Rex,”
2245 1011 2457 1085 inquit,

250 1089 290 1121 ‘⁶
325 1102 444 1141 non
477 1085 534 1142 te'
561 1086 786 1153 celab0‚
817 1104 920 1143 nec
945 1089 1322 1143 excusatione
1347 1097 1504 1153 utar,
1536 1088 1757 1143 nescire
1784 1106 1881 1143 me
1910 1104 2079 1145 meas-
2107 1088 2415 1145 facultates
2435 1114 2453 1161 3

249 1172 290 1202 ‘⁶
315 1165 424 1221 sed
451 1165 599 1221 bene
626 1164 900 1240 cognitas
917 1166 1158 1231 habenS,
1189 1166 1461 1223 adcurate
1486 1166 1595 1221 tibi
1622 1168 1830 1227 dicam.
1896 1166 2053 1222 Nam
2081 1168 2257 1223 simul
2286 1177 2461 1243 atque

248 1252 290 1279 ⁸‘
321 1244 539 1299 certior
565 1262 697 1300 sum
723 1246 914 1301 fuctus
961 1244 1030 1299 ud
1074 1262 1236 1301 mare
1268 1245 1539 1301 Graecum
1584 1254 1643 1301 tc
1686 1245 2055 1313 descendere,
2079 1250 2322 1320 cupiens
2350 1246 2461 1304 tibi

245 1323 398 1379 “ad
433 1322 654 1379 bellum
696 1324 974 1381 conferre
1003 1324 1297 1397 pecunias,
1329 1326 1636 1398 inquisivi,
1684 1325 2021 1399 rationeque
2062 1326 2221 1391 inita,
2251 1329 2457 1400 reperi,

246 1410 288 1435 “
317 1419 451 1459 esse
475 1402 624 1457 mibi
653 1403 887 1477 argenti
914 1404 1138 1459 talenta
1165 1404 1254 1459 bis
1281 1404 1462 1470 mille,
1492 1404 1619 1458 auri
1662 1421 1797 1459 vero
1838 1404 2297 1479 quadringentas
2326 1422 2457 1479 my·

245 1478 510 1537 “riadas
539 1488 824 1539 staterum
861 1480 1234 1547 Daricorum,
1263 1482 1458 1539 minus
1500 1492 1725 1555 septem
1768 1482 2042 1538 millibus.
2122 1488 2313 1575 Atque
2355 1486 2460 1541 has

245 1567 436 1635 “ego
467 1561 738 1633 pecunias
765 1560 874 1616 tibi
904 1562 980 1617 do
1009 1562 1274 1616 muneri.
1317 1570 1405 1619 est
1445 1562 1605 1617 enim
1649 1562 1791 1617 milii
1834 1578 1907 1616 ex
1948 1562 2258 1636 mancipiis
2286 1571 2460 1637 atque

245 1646 288 1672 “
319 1638 482 1713 agris
506 1641 695 1695 victus
721 1637 1073 1695 sufficienS.”

323 1722 425 1776 ⁶29.
471 1718 582 1773 His
628 1721 702 1773 ab
750 1720 853 1774 illo
891 1718 1061 1775 dictis
1089 1718 1314 1775 Xerxes
1356 1718 1697 1785 delectatus,
1748 1718 2089 1792 respondit:
2154 1724 2198 1751 ⁰
2227 1718 2468 1795 Hospes

242 1804 291 1831 “
325 1796 519 1870 Lyde,
550 1815 623 1853 ex
647 1814 766 1871 quo
815 1814 929 1873 ego
972 1798 1204 1853 Persica
1245 1814 1515 1871 egressus
1560 1815 1692 1853 sum
1744 1806 1914 1862 terra,
1966 1798 2195 1853 nullum
2246 1798 2463 1866 adhuc,

241 1885 286 1909 “
323 1884 540 1950 praeter
566 1884 644 1943 te,
677 1878 970 1933 hominem
1001 1876 1208 1949 reperi,
1235 1878 1338 1949 qui
1379 1876 1557 1933 vellet
1598 1876 1912 1951 hospitalia
1950 1876 2143 1931 officia
2184 1876 2462 1935 exercitui

240 1963 282 1989 “
317 1972 460 2011 meo
487 1956 796 2025 exhibere3
842 1954 948 2013 n'ec
973 1953 1083 2029 qui·
1103 1973 1298 2011 meum
1327 1954 1390 2010 in
1419 1964 1795 2029 conspectum
1826 1957 2088 2021 venienS,
2117 1974 2224 2013 sua
2250 1967 2465 2031 sponte

237 2043 282 2068 “
313 2036 602 2109 pecunias
631 2035 778 2091 mihi
805 2035 882 2091 ad
908 2034 1535 2091 bellum-conferendas
1578 2035 1823 2091 offerret.
1902 2036 1998 2091 Tu
2042 2052 2178 2091 vero
2226 2038 2460 2113 magni·

237 2121 284 2148 “
315 2114 434 2170 fiee
459 2116 780 2170 exercitum
823 2132 1023 2169 meum
1065 2111 1363 2186 excepisti-5
1413 2124 1471 2169 et
1512 2114 1791 2187 pecunias
1842 2111 2109 2189 ingentes
2156 2114 2471 2189 polliceris*

237 2202 284 2227 “
311 2192 462 2250 Tibi
489 2210 633 2268 ergo
661 2192 915 2249 vicissim
947 2210 1062 2267 ego
1093 2192 1252 2248 dona
1279 2193 1693 2248 hoecee'tribuo
1716 2216 1729 2250 ε
1774 2194 1835 2248 in
1862 2207 2127 2248 meorum
2162 2195 2461 2267 hospitum

237 2280 286 2306 “
323 2287 580 2329 numero
621 2280 678 2326 te
719 2288 955 2344 repone,
990 2282 1049 2327 et
1088 2272 1548 2345 quadringentas
1587 2280 1873 2328 staterum
1912 2272 2199 2345 myriadas
2229 2273 2301 2327 de
2327 2290 2497 2347 meo·

235 2360 281 2385 “
321 2352 438 2409 tibi
465 2350 794 2423 complebo,
823 2358 1048 2425 septem
1076 2350 1262 2405 millia
1302 2352 1469 2405 dono
1504 2350 1773 2417 dans,·nc
1816 2350 1923 2405 tibi
1970 2350 2041 2405 ad
2083 2350 2463 2425 complendas
2508 2372 2533 2394 2

233 2436 280 2464 “
317 2428 792 2505 quadringentas
836 2429 1128 2505 myriadas
1179 2437 1418 2503 septem·
1446 2428 1633 2484 millia
1671 2430 1887 2496 desint,
1914 2430 2013 2484 sed
2055 2430 2242 2485 solida
2278 2438 2464 2503 atque

231 2518 282 2543 “
315 2511 558 2585 integra
582 2510 697 2563 ista
723 2508 838 2564 tibi-
855 2526 1092 2565 summa
1131 2526 1167 2563 a
1207 2526 1302 2563 me
1343 2508 1701 2564 conficiatur.
1784 2506 1971 2585 Perge
2002 2526 2140 2564 vero
2168 2510 2467 2583 possidere

233 2597 282 2621 “
317 2607 460 2664 quae
486 2587 872 2661 adquisivisti,
901 2605 974 2642 ac·
997 2588 1144 2643 scito
1172 2604 1402 2661 semper
1430 2587 1611 2643 talem
1642 2594 1699 2643 te
1726 2585 1919 2645 virum
1952 2594 2221 2659 praestare
2242 2603 2278 2643 :2-
2303 2588 2462 2663 quod

231 2676 284 2701 “
313 2669 434 2724 ubi
461 2666 682 2731 feceriS,
713 2684 904 2739 neque
931 2684 1108 2732 nunc,
1142 2683 1250 2721 noe
1280 2669 1666 2740 itt-posterum
1693 2674 1750 2722 te
1780 2667 2144 2741 poenitebit.”

321 2753 431 2803 30.
474 2744 588 2801 His
617 2746 1079 2811 dictisM-Xerxes
1107 2744 1369 2819 praestito
1400 2746 1707 2819 promisso,
1736 2746 1981 2801 ulterius
2028 2746 2299 2836 progredi
2328 2764 2461 2821 per-

234 2828 422 2883 rexit.
517 2824 836 2898 Postquam
877 2824 1102 2893 Anaua,
1153 2824 1306 2897 quod
1352 2833 1622 2889 vocatur,
1673 2824 1945 2899 Phrygiae
1988 2823 2270 2897 oppidum
2313 2844 2474 2899 praeae

229 2905 428 2969 teriit,
453 2912 515 2960 et
549 2904 742 2959 lacum
789 2922 862 2958 ex
899 2920 1019 2977 quo
1055 2904 1145 2958 sal
1187 2902 1530 2995 conficitur,
1550 2904 1821 2958 Colossas
1866 2904 2154 2975 pertenit,
2182 2922 2461 2977 magnam

232 2982 527 3058 Phrygiae
553 2972 795 3050 urbe1n;
840 2984 903 3037 in
931 3000 1058 3056 qua
1071 2980 1268 3057 Lycus
1297 2982 1487 3037 amnis
1518 2982 1579 3036 in
1617 2989 1784 3037 terrae
1823 2982 2166 3055 voraginem
2194 2982 2462 3039 incidens

236 3063 572 3129 evanescit,
603 3080 670 3117 ac
695 3062 925 3127 deinde,
951 3068 1261 3135 postquam
1289 3074 1361 3115 ex
1385 3060 1640 3152 quinque
1662 3060 1783 3115 fere
1808 3060 2129 3115 stadiorum
2156 3060 2342 3116 interi
2347 3062 2467 3117 allo

236 3145 468 3200 iterum
495 3138 840 3214 comparuit,
869 3141 930 3197 in
948 3140 1403 3196 Maeandrum-et
1432 3141 1556 3213 ipse
1583 3136 1795 3197 influit
1876 3140 2131 3196 Colossis
2170 3140 2465 3233 profectus

235 3221 558 3287 exercitae,
589 3220 661 3275 ad
703 3220 962 3275 confinia
989 3218 1262 3293 Phrygiae
1304 3218 1619 3293 Lydiaeque
1658 3220 1961 3291 pervenit3
2006 3218 2108 3275 ubi
2148 3221 2355 3292 cippus
2398 3221 2463 3276 in

233 3312 465 3357 terram
512 3298 759 3367 defixae,
787 3299 890 3372 qui
937 3317 974 3353 a
1017 3300 1218 3354 Croeso
1260 3299 1481 3372 positus
1523 3304 1634 3363 est,
1686 3298 1979 3372 inscriptis
2018 3298 2203 3354 literis
2249 3299 2463 3355 limites

242 3380 492 3438 indicat.

323 3462 428 3515 81.
471 3456 554 3514 Ut
581 3476 654 3515 ex
680 3456 935 3533 Phrygia
967 3456 1210 3530 Lydiam
1235 3456 1499 3521 intravit,
1526 3456 1628 3512 ubi
1648 3455 2085 3511 diverticulum·
2094 3462 2183 3513 est
2209 3454 2461 3526 viarum,

239 3554 504 3614 quarum
530 3537 736 3603 altera,
767 3534 841 3591 ad
867 3537 1188 3604 sinistram,
1215 3553 1417 3593 versus
1447 3536 1680 3591 Cariam
1710 3534 1845 3599 fert,
1876 3534 2039 3590 alter·
2040 3554 2058 3589 ι
2096 3535 2165 3590 a'd
2194 3534 2462 3593 dextram

243 3618 504 3688 sardes,
546 3634 728 3709 quam
755 3618 855 3690 qui
895 3618 1174 3689 sequitur,
1204 3634 1339 3671 eum
1389 3614 1635 3673 omnino
1662 3622 1902 3687 oportet
1936 3612 2309 3669 Maeandrum
2348 3612 2463 3671 flu-

239 3696 416 3753 vium
451 3691 735 3767 trajicere,
778 3704 838 3749 et
882 3694 1253 3751 Callatebum
1295 3694 1589 3769 praeterire
1622 3692 1929 3767 oppidum,
1958 3692 2018 3748 in
2059 3710 2175 3765 quo
2214 3694 2463 3765 pistores

241 3774 518 3833 dulciarii
560 3792 631 3831 ex
674 3774 898 3847 myrica
943 3772 1281 3848 (tamarice)
1320 3776 1379 3829 et
1421 3774 1617 3829 tritico
1667 3773 1772 3827 mel
1814 3772 2166 3827 conficiunt:
2215 3773 2321 3826 hac
2368 3773 2464 3828 via

240 3856 358 3912 iter
400 3849 624 3911 faciens
665 3852 894 3911 Xerxes
929 3854 1216 3925 platanum
1257 3854 1489 3926 reperit,
1520 3868 1705 3925 quam
1722 3850 1803 3907 ob
1828 3851 2049 3924 speciei
2068 3847 2463 3923 praestantiam
2550 3882 2563 3886 -

241 3951 428 3991 aureo
471 3932 713 3989 donavit
757 3941 992 3999 ornatu,
1020 3948 1350 4025 curamque
1381 3930 1515 4002 ejus
1554 3928 1681 3985 viro
1723 3948 1797 3985 ex
1828 3928 2263 3987 immortalibus
2308 3928 2463 3987 lecto

236 4013 588 4072 mandavit.
635 4018 872 4086 postero
898 4011 1036 4067 die
1023 4028 1083 4067 m
1111 4010 1464 4085 primariam
1481 4008 1781 4083 Lydorum
1810 4010 2017 4075 urbem
2043 4008 2328 4099 pervenit.

317 4097 420 4151 82
461 4089 670 4151 Sardes
694 4098 1008 4167 postquam
1034 4090 1260 4146 Xerxes
1305 4088 1595 4163 pervenit,
1631 4104 1934 4161 praecones
1979 4086 2255 4159 primum·
2285 4088 2461 4146 dimi-

228 4174 312 4233 sit
341 4190 450 4248 per
475 4172 794 4237 Graeciam,
824 4170 926 4243 qui
963 4176 1175 4258 terram
1207 4176 1266 4226 et
1293 4186 1507 4241 aquam
1553 4166 1935 4243 postularent,
1965 4164 2370 4238 edicet-eoique
2396 4180 2462 4226 ut

1305 4252 1346 4305 2
1377 4266 1402 4303 s
