2925 4992
598 320 718 375 ³26
1131 259 1633 373 HERoDoTi
1691 308 2056 373 HISTOR.
2107 311 2245 371 vn.

673 476 772 532 91.
811 469 1024 529 Cilices
1069 478 1312 529 centum
1357 468 1731 527 contulerant
1774 486 1970 526 naves.
2052 468 2136 527 Hi
2174 468 2367 545 capita
2403 468 2577 545 galeis
2619 479 2751 531 tecta

593 549 890 609 habebant
915 550 1260 617 vernaculis,
1287 566 1394 623 pro
1419 548 1603 607 scutis
1629 549 1925 622 par-mulas
1940 548 2251 623 gestabant
2272 566 2347 605 ex
2367 550 2547 606 crudo
2568 550 2753 606 bovino

593 630 756 689 corio
779 629 1096 695 confectas,
1115 629 1350 686 tunicas
1369 627 1565 684 induti
1590 628 1789 683 laneas
1817 648 1830 682 ε
1878 626 2017 683 bina
2038 628 2287 701 quisque
2303 622 2500 698 jacula
2516 628 2755 695 habebat,

597 716 662 767 et
681 724 880 765 ensem
921 707 1278 782 AEgyptiaco
1316 706 1575 763 maxime
1612 706 1813 780 gladio
1852 704 2125 762 similem.
2205 704 2292 762 Hi
2318 706 2625 781 antiquitus
2650 706 2758 780 Hy-

593 788 818 863 pachoei
839 785 1126 843 nominati
1147 792 1347 843 erant:
1392 786 1527 841 dein
1550 802 1585 839 a
1606 784 1813 848 Cilice,
1839 784 2129 860 Agenoris
2162 783 2307 851 filio,
2330 782 2459 840 viro
2500 784 2759 851 Phoenice,

597 882 822 924 nomen
849 866 1143 921 invenere.
1223 862 1536 937 Pamphyli
1562 862 1809 937 triginta
1832 878 2013 919 naves
2038 863 2426 936 praebuerant,
2445 862 2762 921 Graecanicis

596 946 780 1003 armis
807 943 1088 1001 instructi.
1169 942 1322 999 Sunt
1363 950 1563 999 autem
1604 940 1917 1015 Pamphyli
1957 937 2353 1012 Trojanorum
2397 943 2611 1016 posteri
2646 941 2758 997 illo-

597 1041 753 1090 rum,
783 1022 883 1097 qui
908 1038 1045 1077 cum
1073 1020 1471 1095 Amphilocho
1496 1027 1557 1076 et
1584 1017 1906 1076 Calchante
1932 1014 2159 1090 disjecti
2186 1018 2365 1076 fuere.

680 1104 776 1161 92.
815 1100 980 1173 Lycii
1019 1100 1452 1175 quinquaginta
1496 1098 1863 1173 praebuerant
1904 1114 2105 1164 naves,
2133 1097 2473 1155 thoracibus
2512 1106 2569 1155 et
2609 1098 2762 1155 ocreis

597 1180 889 1237 instructi.
965 1179 1150 1235 Arcus
1197 1177 1493 1234 habebant
1538 1194 1612 1233 ex
1654 1192 1837 1233 corno
1882 1177 2113 1242 arbore,
2157 1177 2405 1251 sagittas
2448 1176 2761 1233 arundineas

595 1276 723 1323 non
773 1258 982 1323 alatas,
1001 1265 1062 1314 et
1093 1255 1324 1328 jacula:
1365 1274 1441 1312 ex
1482 1254 1737 1311 humeris
1779 1254 1958 1328 pelles
1997 1254 2333 1329 pendebant
2370 1258 2653 1330 caprinae:
2686 1272 2763 1311 ca-

597 1334 822 1415 pitibus
848 1336 1106 1409 impositi
1135 1336 1274 1409 pilei
1297 1334 1511 1408 pennis
1542 1334 1919 1390 circumcirca
1954 1334 2261 1389 coronati:
2305 1344 2581 1407 praeterea
2616 1334 2760 1408 pugi-

597 1416 814 1473 onibus
839 1424 900 1472 et
940 1413 1192 1471 falcibus
1215 1414 1426 1469 armati
1451 1418 1639 1469 erant.
1718 1411 1888 1485 Lycii
1932 1430 2007 1469 ex
2034 1412 2208 1467 Creta
2241 1412 2501 1479 oriundi,
2528 1412 2764 1469 Termilae

599 1494 748 1553 olim
775 1492 1083 1559 nominati,
1111 1492 1322 1549 deinde
1348 1510 1385 1548 a
1406 1490 1593 1567 Lyco,
1624 1487 1934 1547 Pandionis
1962 1490 2108 1558 filio,
2134 1490 2497 1559 Atheniensi,
2522 1492 2764 1549 invenere

601 1591 839 1632 nomen.
1385 1625 1390 1630 .

684 1657 780 1711 93.
818 1650 1132 1709 Dorienses
1183 1649 1423 1711 Asiatici
1475 1649 1717 1723 triginta
1780 1664 1960 1706 naves
2018 1648 2407 1716 contulerant,
2464 1646 2769 1705 Graecanico

601 1748 768 1789 more
803 1730 1038 1795 armati,
1080 1746 1155 1785 ex
1196 1728 1605 1801 Peloponneso
1652 1723 1907 1784 oriundi.
1990 1728 2165 1783 Cares
2202 1728 2582 1803 septuaginta
2620 1742 2766 1782 naves

593 1809 988 1885 praebuerant,
1016 1807 1268 1864 falcibus
1291 1815 1352 1862 et
1375 1802 1739 1880 pugionibus
1768 1806 2001 1871 armati,
2028 1806 2382 1881 caeteroquin
2398 1824 2539 1863 vero
2564 1806 2765 1861 Graeca·

599 1890 739 1945 nico
782 1904 946 1945 more
987 1885 1272 1943 instructi.
1355 1885 1469 1941 His
1510 1884 1803 1959 quodnam
1846 1885 2172 1957 antiquitus
2217 1883 2399 1941 fuerit
2452 1900 2678 1950 nomen,
2716 1884 2769 1938 in

601 1966 884 2042 superiori
913 1966 1119 2021 harum
1147 1964 1545 2021 Historiarum
1572 1970 1739 2037 parte
1763 1962 1984 2019 dictum
2014 1969 2121 2019 est.

678 2050 773 2104 94.
813 2042 984 2099 Iones
1037 2050 1280 2099 centum
1344 2042 1719 2099 contulerant
1775 2058 1979 2108 naves,
2032 2040 2241 2097 eodem
2300 2041 2483 2099 modo
2536 2038 2770 2099 instructi
2869 2040 2870 2049 ’

600 2132 778 2199 atque
803 2122 1011 2177 Graeci.
1091 2120 1282 2184 loma,
1311 2120 1593 2193 quamdiu
1618 2120 1677 2176 in
1714 2119 2121 2193 Peloponneso
2160 2136 2292 2175 eam
2323 2121 2641 2195 regionem,
2666 2136 2771 2193 quae

601 2219 768 2260 nunc
794 2197 1014 2258 Achaia
1053 2207 1318 2264 vocatur,
1368 2198 1759 2263 incoluerant,
1804 2200 2139 2273 priusquam
2180 2197 2429 2255 Danaus
2468 2207 2527 2257 et
2567 2198 2771 2255 Xuthus

598 2282 666 2339 in
711 2280 1182 2353 Peloponnesum
1227 2277 1619 2345 advenissent,
1660 2283 1731 2333 ut
1772 2278 1959 2333 Graeci
2005 2278 2199 2342 aiunt,
2228 2276 2464 2353 Pelasgi
2508 2276 2773 2351 AEgialees

605 2361 696 2437 [id
723 2367 833 2425 est,
865 2356 1160 2430 litterales]
1191 2356 1550 2413 vocabantur
1575 2378 1588 2412 ε
1634 2355 1845 2411 deinde
1891 2356 1966 2412 ab
2008 2355 2173 2421 Ione,
2202 2353 2393 2412 Xuthi
2424 2356 2570 2423 filio,
2591 2370 2769 2412 nomen

599 2440 980 2497 invenerunt.

679 2523 776 2577 95.
834 2516 1088 2573 Insulani
1126 2514 1543 2589 septemdecim
1586 2512 1953 2569 contulerant
1993 2529 2194 2579 naveS,
2238 2512 2449 2568 eodem
2496 2511 2665 2568 modo
2700 2526 2769 2567 ar-

597 2598 748 2655 mati
787 2602 962 2669 atque
1007 2594 1216 2651 Groeci.
1296 2592 1497 2649 Etiam
1540 2589 1637 2647 hic
1679 2592 2015 2666 Pelasgicus
2054 2599 2144 2647 est
2172 2592 2450 2665 populus,
2477 2592 2577 2667 qui
2598 2588 2771 2645 deinde

599 2670 836 2732 Ionicus
863 2672 1067 2729 eadem
1107 2671 1333 2727 ratione
1360 2671 1700 2727 nominatus
1726 2678 1815 2726 est
1842 2678 2017 2743 atque
2043 2668 2130 2725 illi
2146 2668 2465 2726 duodecim
2500 2669 2769 2725 civitatum

601 2752 780 2811 lones
820 2751 1066 2808 Athenis
1116 2749 1366 2805 oriundi.
1462 2749 1775 2806 AEolenses
1826 2748 2142 2823 sexaginta
2190 2748 2567 2822 praebuerant
2604 2760 2773 2809 naves,

601 2831 806 2889 eodem
831 2828 1010 2887 modo
1049 2836 1224 2902 atque
1251 2829 1442 2883 Groeci
1465 2828 1673 2884 armati
1696 2842 1712 2882 ε
1756 2834 1817 2883 et
1844 2827 1905 2882 bi
1930 2842 2163 2899 quoque
2184 2827 2331 2883 olim
2358 2826 2589 2900 Pelasgi
2612 2823 2770 2880 nomi-

599 2910 748 2976 nati,
775 2918 842 2966 ut
885 2909 1075 2965 Graeci
1115 2915 1464 2963 memorant.
1546 2905 1967 2980 Hellespontii,
2003 2906 2261 2978 exceptis
2288 2905 2619 2980 Abydenis:
2661 2916 2770 2958 nam

600 2987 896 3065 Abydenis
923 2988 1308 3060 imperaverat
1335 3003 1436 3041 rex
1463 2992 1534 3041 ut
1560 2984 1718 3041 domi
1744 2990 2071 3051 manerent,
2093 2992 2154 3039 et
2171 2994 2386 3058 pontes
2406 2982 2770 3040 custodirent:
2866 3012 2868 3025 2

601 3069 797 3126 caeteri
842 3068 1024 3143 igitur
1069 3082 1139 3121 ex
1171 3064 1360 3120 Ponto
1400 3062 1784 3136 expeditionis
1830 3058 2007 3132 huius
2054 3062 2199 3118 socii
2240 3078 2417 3119 naves
2444 3060 2775 3117 contulerant
2866 3074 2868 3085 ¹

601 3154 862 3211 centnm,
893 3145 1099 3201 eodem
1127 3142 1306 3199 modo
1335 3143 1604 3199 instructi
1628 3158 1696 3198 ac
1720 3140 1927 3197 Graeci.
2010 3132 2384 3198 Sunt‘autem
2418 3141 2482 3196 hi
2510 3141 2707 3197 Ionum
2728 3142 2775 3190 et
2867 3130 2868 3195 ἐ

599 3225 982 3284 Doriensium
1009 3222 1222 3279 coloni.
2867 3236 2868 3249 ,

681 3308 776 3362 96.
819 3304 886 3359 ln
939 3301 1190 3377 singulis
1236 3298 1484 3354 istarum
1530 3299 1774 3355 navium
1824 3305 1987 3355 erant
2029 3307 2498 3375 propugnatores
2537 3298 2708 3355 Persae
2728 3299 2776 3348 et

598 3378 765 3440 Medi
791 3389 848 3437 et
885 3382 1064 3437 Sacae.
1144 3379 1296 3439 Quae
1335 3394 1410 3432 ex
1449 3377 1788 3433 earumdem
1834 3378 2073 3433 navium
2104 3394 2353 3435 numero
2380 3378 2601 3452 optime
2626 3374 2773 3429 vehe·
2867 3372 2868 3383 ¹

598 3460 840 3527 bantur,
881 3460 986 3515 has
1031 3457 1402 3531 praebuerant
1443 3454 1768 3517 Phoenices,
1810 3463 1869 3513 et
1910 3455 1972 3511 in
2012 3455 2104 3511 his
2145 3472 2265 3530 prae
2296 3452 2523 3513 caeteris
2568 3449 2774 3509 Sidonii.

601 3539 985 3615 Singulorum
1013 3544 1212 3593 autem
1242 3534 1597 3609 populorum
1641 3531 1823 3607 copiis
1869 3530 2194 3600 navalibus,
2222 3535 2460 3609 perinde
2488 3542 2657 3607 atque
2678 3538 2771 3585 ter-

599 3618 904 3682 restribus,
953 3623 1234 3690 praeerant
1283 3613 1460 3669 (luces
1508 3630 1582 3669 ex
1623 3612 2037 3687 popularibus:
2102 3630 2359 3687 quorum
2408 3630 2523 3689 ego
2566 3608 2773 3667 nomina

597 3698 790 3763 edere,
831 3712 1015 3769 quum
1058 3693 1209 3749 nihil
1253 3708 1482 3749 necesse
1529 3688 1606 3747 sit
1652 3692 1723 3747 ad
1780 3691 2036 3747 historiae
2079 3693 2391 3757 rationem,
2442 3686 2773 3765 supersedeo.

597 3776 728 3835 Nec
753 3772 911 3833 enim
936 3773 1149 3846 cuique
1177 3771 1398 3844 populo
1435 3770 1614 3825 duces
1637 3777 1807 3825 erant
1848 3777 2181 3826 memoratu
2206 3770 2369 3847 digni
2398 3792 2411 3825 ε
2457 3779 2541 3835 et,
2566 3764 2771 3842 quotis

600 3871 834 3932 quoque
873 3851 1094 3927 populo
1132 3849 1423 3914 civitates»,
1463 3854 1555 3903 tot
1596 3848 1774 3904 etiam
1816 3849 1991 3905 duces
2030 3856 2215 3905 erant.
2296 3847 2687 3923 Sequebantur
2722 3840 2774 3897 hi

601 3943 802 3993 autem
843 3948 964 3989 non
987 3936 1058 3985 ut
1097 3928 1275 3984 duces
1319 3943 1458 3983 vere
1505 3927 1789 3984 nominati
1818 3933 1919 3983 aut
1954 3934 2252 3999 praetores,
2282 3929 2381 3983 sed
2430 3934 2499 3983 nt
2524 3925 2619 3981 alii
2646 3920 2773 3979 mili·

600 4020 792 4071 tantes
833 4009 1001 4067 servi.
1083 4008 1378 4075 Caeterum
1423 4005 1803 4079 imperatores
1850 4022 2027 4079 penes
2074 4022 2219 4079 quos
2264 4022 2497 4063 summa
2534 4004 2645 4061 fuit
2678 4001 2773 4055 im·

600 4092 769 4167 perii,
823 4095 885 4146 et
935 4086 1310 4163 singulorum
1357 4084 1710 4159 populorum
1764 4084 1963 4153 duces,
2014 4090 2309 4162 quotquot
2350 4098 2555 4143 eorum
2610 4078 2774 4137 Persae

603 4171 864 4238 fuerunt,
889 4184 926 4223 a
945 4185 1042 4225 me
1067 4164 1208 4223 dicti
1233 4171 1395 4221 sunt.
