2925 4992
882 320 1562 405 'rsnrslcnolm
2204 324 2322 387 2³5

173 468 383 555 illorum
401 482 709 559 regionem.
788 484 963 547 Quod
992 484 1091 541 ubi
1112 484 1415 553 fecerunt3
1462 487 1768 555 totamque
1789 484 2174 557 peragrarunt
2199 476 2320 536 Mi-

171 558 417 619 lesiorum
437 562 712 621 ditionem
731 588 749 636 ς
779 564 1137 636 ubicumque
1158 564 1219 619 in
1238 564 1536 639 superiore
1556 562 1793 636 regione
1812 560 2081 617 viderunt
2107 576 2326 633 agrum

173 636 295 697 bene
315 641 559 707 cultum,
585 660 799 701 nomen
836 638 961 713 ejus
988 644 1089 716 qui
1128 649 1253 698 erat
1290 643 1419 717 agri
1446 641 1724 699 domiuus
1756 638 1972 713 scripto
2000 638 2320 717 consigna-

171 714 311 775 bant.
380 720 657 777 Percursa
678 722 951 779 universa
978 722 1239 796 regione,
1260 717 1323 777 in
1352 737 1470 796 qua
1495 718 1730 793 quidem
1759 735 1920 773 raros
1945 717 2052 773 hos
2077 716 2322 773 invene·-

172 804 315 867 rant3
356 798 701 873 simulatque
726 801 797 865 ,in
830 799 1032 857 urbem
1058 799 1501 863 descenderunt,
1531 797 1810 853 concione
1837 802 2184 873 convocate,
2213 795 2322 851 hos
2399 802 2404 809 '

172 874 300 947 ipsos
324 874 699 951 designarunt
725 878 837 952 qui·
850 878 1149 935 civitatem
1178 874 1670 941 administrarent,
1696 892 1942 953 quorum
1970 890 2142 948 agros
2175 872 2330 931 bene

171 953 731 1028 cultos-repererant:
774 958 947 1013 videri
986 960 1147 1023 etaim,
1173 955 1427 1022 aiebant,
1455 956 1660 1011 eosdem
1697 972 1810 1011 rem
1851 956 2014 1009 etiam
2047 951 2324 1024 publicam

70 1078 77 1081 .
172 1034 327 1089 eadem
346 1035 629 1107 diligentia
652 1037 1147 1101 administraturus,
1177 1052 1285 1107 qua
1308 1036 1592 1107 privatam
1617 1050 1728 1087 rem
1752 1049 1906 1089 ruam
1940 1032 2320 1087 administras-

170 1116 277 1165 sent,
318 1110 595 1185 Reliquos
620 1132 761 1171 vero
790 1114 1075 1177 Milesios,
1104 1114 1205 1186 qui
1248 1114 1407 1185 prius
1432 1110 1888 1169 dissensionibus
1916 1110 2067 1165 inter
2093 1127 2156 1167 se
2179 1126 2322 1166 con-

171 1196 517 1254 certaverunt,
542 1192 703 1249 hisee
730 1210 928 1266 parere
946 1187 1262 1263 jusserunt.
1316 1188 1388 1248 In
1412 1192 1572 1249 bunc
1597 1190 1846 1251 modum
1870 1189 2025 1249 Parii
2046 1206 2134 1245 res
2161 1206 2324 1246 com·

170 1261 459 1338 posuerunt
478 1270 869 1327 Milesiorum.
1290 1314 1301 1327 .
1442 1328 1453 1337 χ

232 1349 315 1403 30.
348 1347 515 1405 Tune
539 1366 683 1405 vero
706 1367 780 1407 ex
808 1350 919 1417 his,
944 1367 1097 1423 quas·
1116 1348 1259 1419 dixi,
1286 1349 1622 1407 civitatibus
1644 1349 1794 1405 mala
1819 1356 2118 1423 coeperunt
2137 1348 2324 1405 Ioniae

170 1425 283 1481 oriri
318 1426 423 1484 hoc
447 1428 649 1485 modo.
724 1427 781 1484 E
802 1428 973 1485 Naxo
1008 1430 1163 1485 cives
1198 1428 1471 1485 nonnulli
1509 1428 1776 1502 opulenti
1817 1430 1880 1485 in
1908 1428 2178 1485 exsilium
2207 1429 2324 1483 acti

170 1510 367 1559 etanta
392 1506 635 1579 popule,
662 1506 763 1583 qui
790 1509 979 1581 patria
1014 1507 1169 1581 pulsi
1188 1507 1464 1568 Miletum
1490 1513 1792 1564 venerunt.
1869 1505 2328 1563 Administrahat

168 1587 289 1639 tune
311 1582 539 1643 Histiaei
576 1585 813 1641 nomine
839 1586 1119 1643 Miletum
1148 1586 1516 1660 Aristagoras
1551 1584 1918 1661 Molpsgorae
1945 1585 2119 1651 filius,
2143 1583 2330 1661 gener

169 1667 215 1721 et
248 1650 615 1719 consobrinus
656 1662 913 1730 Histiaei,
940 1664 1257 1739 Lysagorae
1296 1663 1425 1730 filii,
1451 1680 1629 1737 quem
1669 1681 1774 1737 per
1814 1663 1868 1718 id
1906 1669 2138 1738 tempus
2168 1660 2330 1719 Susis

161 1734 365 1809 Darius-
392 1741 711 1800 detinebat.
788 1742 929 1799 Fuit
974 1743 1136 1801 enim
1182 1742 1473 1799 Histioeus
1516 1740 1714 1798 Mileti
1759 1750 2058 1815 tyrannus,
2099 1740 2330 1815 fuitque

168 1823 283 1873 tunc
322 1818 481 1877 Susis
534 1838 725 1895 quum
775 1820 955 1877 Nouii
998 1822 1389 1886 advenerunt,
1432 1820 1534 1894 qui
1581 1821 1740 1894 prius
1788 1820 2048 1893 hospites
2095 1819 2332 1879 fuerant

168 1892 387 1958 Histiaei.
438 1900 525 1957 Hi
550 1894 656 1955 ubi
677 1898 957 1957 Miletum
988 1907 1295 1965 venerunt,
1321 1907 1605 1975 rogarunt
1629 1900 2054 1973 Aristagoram,
2073 1907 2142 1955 ut
2169 1895 2330 1955 mili-

168 1980 275 2031 tum
300 1994 535 2038 manum
560 1978 673 2037 sibi
700 1978 1007 2052 praeberet,
1036 1995 1155 2052 qua
1180 1973 1368 2049 adiuti
1392 1978 1453 2051 in
1481 1978 1732 2053 patriam
1759 1976 2023 2035 redirent.
2105 1976 2184 2033 Et
2209 1977 2331 2043 ille,

170 2068 335 2111 secum
360 2065 657 2130 reputans,
682 2058 733 2113 si
771 2052 957 2130 ipsius
984 2074 1161 2131 opera
1184 2058 1243 2113 in
1276 2058 1534 2130 'patriam
1579 2054 1641 2117 hi
1667 2056 1988 2123 rediissent,
2019 2056 2331 2118 dominum

168 2145 221 2185 se
252 2132 365 2191 fore
396 2136 595 2206 Naxi3
640 2135 1009 2208 praetendens
1052 2136 1287 2194 Histiaei
1331 2136 1678 2211 hospitium,
1710 2134 1798 2197 his
1837 2134 2030 2194 verbis
2067 2153 2202 2199 cum
2248 2136 2333 2193 eis

170 2210 305 2283 egita
350 2219 388 2244 “
416 2214 553 2290 Ego
600 2214 903 2287 quidem,”
946 2214 1160 2287 inquit,
1204 2221 1249 2249 “
1278 2231 1395 2273 nou
1439 2221 1670 2271 tantam
1719 2214 2033 2269 hominum
2084 2230 2334 2277 manum

170 2292 204 2317 ‘⁶
225 2290 464 2361 polliceri
483 2292 651 2351 vobis
676 2308 943 2365 possum,
958 2310 1093 2366 quae
1109 2290 1361 2347 sufficiat
1384 2292 1455 2347 ad
1482 2310 1606 2355 vos,
1630 2292 1832 2347 invitis
1858 2293 1949 2347 his
1965 2292 2066 2365 qui
2091 2294 2146 2347 N
2154 2310 2334 2355 axum

172 2369 205 2395 “
228 2384 369 2425 nunc
392 2377 621 2437 teuent,
650 2371 711 2427 in
740 2372 991 2444 patriam
1024 2370 1420 2427 reducendos:
1468 2371 1642 2425 audio
1669 2370 1824 2425 enim
1851 2377 1984 2425 octo
2024 2370 2212 2426 millia
2238 2388 2333 2425 ce,

173 2448 487 2507 “tratorum
526 2466 657 2507 esse
680 2448 907 2516 Nsxiis,
934 2456 995 2505 et
1031 2449 1348 2523 longarum
1392 2448 1634 2507 navium
1677 2466 1961 2523 magnum
2005 2466 2334 2509 numerum.

173 2527 205 2555 “
226 2524 459 2598 Operam
486 2545 633 2585 vero
660 2526 811 2589 dabo
836 2528 1003 2586 omni
1028 2524 1294 2583 adhibito
1320 2526 1552 2587 studio:
1593 2527 1654 2583 in
1681 2526 1836 2583 hunc
1864 2534 2058 2585 autem
2088 2526 2335 2589 modum

173 2603 209 2631 “
230 2620 339 2663 rem
374 2608 653 2680 perficere
684 2606 905 2681 cogito.
984 2606 1093 2663 Est
1130 2605 1279 2665 mihi
1324 2606 1549 2662 amicus
1577 2605 1993 2679 Artaphernes‚
2021 2604 2338 2681 Hystaspis

173 2685 207 2709 “
231 2681 389 2748 filius,
414 2682 589 2743 Darii
626 2686 783 2759 regis
810 2684 1013 2751 frater,
1042 2684 1145 2760 qui
1185 2684 1476 2743 universae
1518 2692 1730 2757 praeest
1767 2702 1887 2745 orae
1915 2684 2090 2754 Asiae,
2123 2695 2181 2745 et
2213 2702 2336 2760 χιιι-

176 2763 211 2788 “
231 2779 505 2821 merosum
538 2764 719 2832 habet
756 2762 1100 2831 exercitum,
1128 2780 1419 2837 navesque
1452 2762 1706 2823 multas:
1753 2761 1910 2823 hunc
1937 2764 2125 2821 virum
2171 2773 2338 2838 puto,

174 2841 371 2911 “‚quod
400 2841 697 2918 cupimus,
725 2859 851 2899 esse
876 2840 1280 2897 effecturum.’‘
1369 2841 1481 2919 His
1517 2840 1750 2908 auditis,
1783 2838 1966 2897 Naxii
1991 2842 2339 2901 mandatum

170 2915 295 2974 dant
308 2920 683 2997 Aristagoras,
703 2928 771 2977 ut
794 2938 972 2995 quam
1000 2927 1197 2993 posset
1220 2919 1441 2993 optime
1471 2920 1624 2975 hane
1646 2938 1768 2976 rem
1795 2920 2077 2992 perficiat,
2101 2929 2159 2975 et
2189 2920 2342 2985 dona

173 2993 481 3065 polliceatur
504 3000 889 3073 Artapherni,
914 3005 975 3055 et
1002 2997 1359 3072 stipendium
1398 2998 1685 3053 militibus
1713 2997 1786 3053 ab
1821 2998 1960 3069 ipsis
2001 2992 2338 3071 persolvem
2415 2991 2418 3003 '

172 3072 323 3131 dum:
362 3096 612 3153 magnas
654 3078 871 3152 quippe
908 3094 1041 3151 spes
1091 3076 1401 3143 habebant,
1444 3076 1683 3149 quando
1723 3076 1880 3131 Naxi
1920 3076 2339 3149 adparuissent‚

169 3156 347 3223 omnia
386 3157 649 3215 facturos
692 3157 913 3213 Nuxios
956 3172 1091 3229 quae
1138 3152 1251 3227 ipsi
1292 3150 1626 3224 jussissent,
1669 3155 1996 3228 pariterque
2042 3155 2342 3215 insulanos

173 3246 379 3291 omnesz
425 3236 596 3297 nulla
622 3236 764 3296 dum
803 3235 961 3301 enim
987 3252 1061 3291 ex
1087 3232 1437 3317 Cycladibus
1481 3234 1570 3291 his
1613 3233 1820 3301 insulis
1861 3252 1966 3313 per
2003 3233 2064 3297 id
2109 3242 2340 3315 tempus

174 3307 222 3364 in
249 3308 397 3369 Darii
426 3322 557 3373 erat
583 3321 891 3387 potestate.

178 3434 185 3441 .
231 3393 319 3447 31„
354 3393 723 3468 Aristagoras
750 3392 1113 3449 ubi-Sardes
1152 3392 1439 3469 pervenit,
1469 3410 1605 3451 cum
1636 3392 1994 3465 Artapherne
2035 3395 2183 3470 egit,
2211 3414 2337 3452 me-

174 3481 400 3541 morans,
439 3490 555 3529 esse
584 3472 807 3527 Naxum
847 3472 1109 3537 insulam,
1144 3490 1250 3529 non
1292 3478 1374 3527 ita
1414 3474 1628 3544 quidem
1663 3472 1929 3545 amplam,
1968 3473 2176 3545 alioqui
2214 3494 2340 3533 vera

170 3547 391 3613 pulcram
418 3552 735 3623 bonamque,
764 3558 819 3606 et
846 3548 1019 3609 Ioniae
1041 3553 1310 3606 vicinam:
1350 3568 1561 3621 esseque
1593 3552 1648 3605 in
1689 3568 1754 3607 ea
1791 3558 1843 3605 et
1877 3570 2002 3624 opes
2040 3571 2266 3625 magnas
2289 3561 2346 3614 et

174 3626 325 3681 multa
360 3632 648 3701 mancipia.
730 3634 771 3660 “
800 3630 891 3687 Tu
932 3630 1173 3703 igitur,”
1203 3630 1415 3703 inquit,
1448 3634 1492 3661 “
1523 3630 1585 3683 in
1629 3630 1779 3684 hane
1806 3631 1976 3686 mitte
2001 3632 2344 3698 exercitum,

174 3705 211 3729 “
235 3706 323 3777 qui
346 3709 581 3765 exsules
610 3708 671 3765 in
702 3725 833 3763 eam
862 3706 1119 3769 reducat.
1204 3704 1270 3765 Id
1310 3708 1358 3771 si
1398 3706 1621 3775 feceris,
1656 3708 1890 3779 partim,
1921 3726 2154 3785 magnae
2180 3711 2288 3776 tibi
2312 3730 2349 3771 a

174 3783 213 3818 θ’
236 3800 323 3841 me
347 3795 559 3859 praesto
585 3794 729 3843 sunt
754 3787 1035 3859 pecuniae,
1062 3794 1269 3860 praeter
1292 3794 1528 3844 sumtus
1558 3786 1714 3851 belli,
1739 3804 1886 3859 quos
1907 3805 2142 3861 aequum
2171 3799 2259 3843 est
2281 3796 2349 3845 ut

172 3860 211 3886 “
234 3877 351 3931 nos,
378 3866 479 3940 qui
518 3866 841 3921 exercitum
882 3865 1157 3938 petimuS,
1190 3865 1628 3938 persolvamusz
1675 3866 1886 3937 partim
1927 3884 2087 3929 vero,
2125 3866 2348 3925 insulas

174 3939 211 3964 “
236 3940 489 4015 adquires
526 3944 703 4020 Regi,
728 3951 791 3999 et
833 3944 1021 4017 ipsam
1046 3943 1314 4009 Naxum,
1341 3950 1402 3999 et
1440 3960 1515 3997 ex
1555 3943 1658 4000 illa
1695 3944 2014 4016 pendentes
2042 3943 2259 4001 Parum
2289 3956 2349 4012 et

174 4017 212 4042 “
232 4018 509 4087 Andrum,
550 4023 809 4095 aliasque
858 4040 991 4096 quae
1039 4021 1317 4095 Cyclades
1366 4027 1704 4082 recautum·
1751 4020 1896 4077 Inde
1942 4039 2081 4077 vero
2121 4023 2349 4103 impetu

172 4096 209 4123 “
236 4094 377 4154 facto
402 4100 575 4157 facile
602 4098 957 4176 adgredieris
984 4098 1298 4175 Euboeam,
1321 4100 1582 4171 amplam
1609 4108 1670 4155 et
1695 4099 2038 4173 opulentam
2067 4101 2345 4171 insulam,

175 4174 413 4253 “Cypro
454 4179 609 4237 haud
652 4180 967 4246 minorem,
998 4187 1057 4235 et
1098 4178 1348 4235 subactu
1394 4176 1714 4235 admodum
1760 4176 2010 4257 facilem,
2093 4183 2344 4250 Centum

1157 4262 1197 4321 2
1230 4274 1267 4312 u
1299 4262 1337 4313 2
