2925 4992
860 310 1552 373 TERPSICHORE.
2198 318 2308 371 231

152 470 457 547 relitmerat,
481 470 674 528 literas
712 468 942 545 scripsit
964 464 1209 539 Darius,
1231 466 1454 543 jubens
1493 470 1891 530 eum·Pae0uas
1915 492 1946 530 e
1967 472 2180 531 sedibus
2208 476 2324 529 suis

152 554 457 620 abstrahere,
487 550 558 606 ad
581 566 739 623 seque
765 550 1054 616 adducere,
1082 559 1137 607 et
1164 554 1303 625 ipsos
1329 558 1383 606 et
1412 550 1604 607 liberos
1628 566 1812 607 eorum
1833 560 1894 609 et
1921 570 2130 610 uxore&
2179 548 2322 609 Pro-

150 632 395 707 tinusque
440 644 637 718 eques,
683 629 963 685 nuncium
1016 629 1341 696 delaturus»,
1382 630 1642 686 cucurrit
1681 628 1767 686 ad
1820 630 2328 707 Hellespontum·
2295 674 2318 703 ‚

153 727 309 784 eoque
352 704 615 781 trajecto,
653 701 877 764 literas
894 706 1250 785 Megabazo
1266 671 1530 765 reddidit
1611 710 1843 769 Quibus
1887 710 1986 767 ille
2029 710 2322 787 perlectis¹¹

152 786 244 845 viae
266 788 502 845 ducibus
530 800 605 843 ex
634 784 883 843 Thracia
910 786 1141 855 sumtis,
1164 786 1367 843 bellum
1392 786 1595 843 intulit
1627 788 1928 845 Poeonibus.

221 870 299 923 15.
336 868 457 929 Qui
482 865 585 922 ubi
620 865 803 921 rescit
808 872 989 921 erunt·
1016 864 1292 921 adversus
1316 880 1377 921 se
1414 866 1701 943 proficisci
1728 866 1954 933 Persas,
1976 864 2192 941 'junctis
2218 886 2322 923 co·

154 944 246 1019 piis
270 946 499 1004 obviam
540 943 687 999 illis
698 945 1017 1018 progressi·
1029 952 1169 999 sunt
1208 958 1413 1000 versus
1455 962 1635 1011 mare,
1661 947 2066 1003 existimantes
2097 946 2168 1002 ab
2215 948 2324 1013 hae

152 1034 289 1099 parte
314 1032 622 1081 conaturos
646 1038 773 1077 esse
804 1023 1005 1078 Persas
1044 1031 1256 1079 terram
1302 1040 1468 1097 suam
1511 1024 1608 1079 im
1615 1026 1802 1081 adere.
1879 1022 1974 1081 Sic
2015 1026 2193 1101 igitur
2218 1044 2321 1099 επις-

153 1102 369 1159 ercitum
420 1100 762 1177 Megabazi,
803 1100 1077 1157 adversus
1134 1118 1195 1156 se
1242 1102 1734 1175 proticiscentem,
1771 1101 2088 1177 prohibere
2137 1104 2324 1179 parati

152 1180 363 1237 Paeones
401 1188 591 1238 erant.
668 1180 745 1237 At
774 1174 984 1245 Persae,
1015 1182 1288 1237 certiores
1328 1180 1470 1237 facti
1506 1177 1840 1252 conjunctis
1864 1184 2052 1257 copiis
2083 1182 2324 1241 Paeones

149 1260 347 1316 aditum
374 1267 546 1316 terrae
572 1272 693 1315 suae
720 1275 757 1313 a
782 1268 943 1331 parte
975 1259 1155 1315 maris
1179 1260 1492 1325 custodire,
1517 1262 1706 1315 secuti
1736 1260 1847 1317 viae
1871 1261 2066 1329 duces,
2093 1280 2198 1337 per
2224 1280 2322 1319 su·

151 1348 349 1413 penora
369 1339 500 1393 loca
532 1338 643 1393 iter
669 1336 970 1393 fecerunt:
1002 1337 1224 1411 itaque,
1255 1338 1450 1394 insciis
1480 1337 1815 1406 Paeonibus,
1844 1340 2060 1414 oppida
2087 1341 2324 1397 illorum

151 1418 425 1484 invadunt,
456 1416 609 1473 viris
643 1429 864 1487 vacua,
912 1414 1128 1491 illaque
1170 1416 1361 1484 facile,
1388 1424 1598 1491 utpote
1629 1417 2036 1475 defensoribus
2076 1418 2322 1486 nudata.

148 1504 447 1571 ceperunt.
502 1492 734 1551 Deinde
778 1492 1042 1561 PaeoneS,
1081 1502 1391 1569 postquam
1444 1495 1801 1552 resciverunt
1845 1506 2018 1571 capta
2057 1514 2161 1554 sua
2199 1514 2326 1555 esse

149 1573 351 1649 oppida,
379 1574 673 1631 continuo
712 1571 977 1646 dispersi,
1012 1572 1083 1629 ad
1126 1590 1265 1630 suos
1304 1575 1528 1649 quique
1564 1575 1715 1631 lares
1752 1592 1878 1631 sese
1917 1578 2325 1651 contulerunt,

151 1650 421 1729 Persisque
452 1670 520 1710 se
545 1652 912 1709 dediderunt.
966 1652 1159 1725 Atque
1186 1654 1269 1709 ita·
1296 1652 1578 1709 Paeonum
1609 1654 1670 1710 hi
1698 1650 1801 1729 qui
1831 1654 2192 1729 Siropaeones
2217 1673 2325 1710 vo-

150 1740 348 1801 cantur,
376 1739 435 1789 et
476 1730 587 1805 qui
614 1728 887 1823 Paepplae,
918 1736 977 1787 et
1006 1732 1108 1805 qui
1144 1748 1331 1804 usque
1373 1730 1443 1787 ad
1475 1730 1808 1788 Prasiadem
1855 1733 2051 1789 lacum
2093 1734 2326 1795 hahitar-

149 1810 287 1877 bant,
314 1830 346 1869 e
370 1810 618 1869 sedibus
643 1810 762 1866 suis
786 1808 1087 1877 abstracti,
1116 1810 1178 1866 in
1202 1810 1399 1866 Asiam
1424 1818 1572 1865 sunt
1597 1810 1851 1867 abducti.

218 1895 294 1945 16.
322 1890 430 1947 Sed
458 1888 565 1963 qui
592 1888 743 1944 circa
762 1888 1059 1959 Pangaeum
1087 1894 1353 1945 montem
1378 1888 1673 1956 habitant,
1704 1898 1763 1946 et
1789 1890 2051 1959 Doberes,
2077 1897 2137 1947 et
2151 1888 2325 1963 Agri-’-

147 1986 275 2035 απεε,
293 1976 347 2025 et
374 1970 689 2035 Odomanti,
706 1967 867 2023 item
876 1966 977 2041 qui
1004 1967 1198 2041 ipsum
1229 1966 1408 2024 lacum
1437 1966 1756 2025 Prusiadem
1782 1935 2073 2036 incolunt,
2096 1969 2160 2025 hi
2189 1969 2324 2027 nul-

148 2046 349 2104 latenus
396 2046 631 2103 subacti
664 2052 818 2101 sunt
858 2064 893 2101 a
934 2044 1305 2121 Megabazo·
1289 2090 1307 2119 ‚
1354 2062 1713 2121 quamquam
1762 2057 1820 2104 et
1863 2050 1994 2116 hoS,
2015 2050 2122 2124 qui
2165 2048 2325 2109 hune

79 2171 87 2181 ,
148 2122 313 2183 laeum
358 2124 649 2190 incolunt,
690 2131 937 2180 conatus
981 2132 1105 2181 erat
1146 2122 1255 2181 sub
1298 2134 1649 2200 potestatem
1697 2126 1960 2204 redigere
1993 2128 2326 2184 Persarum,

149 2202 345 2262 Lacum
370 2211 581 2262 autem
604 2203 659 2259 hi
681 2202 957 2259 incolunt
982 2203 1087 2279 tali
1114 2204 1309 2260 modo.
1370 2204 1585 2261 Stant*
1572 2223 1630 2261 m
1657 2206 1854 2262 medio
1879 2208 2016 2263 lacu
2038 2205 2322 2273 tabulata,

149 2282 259 2341 altis
294 2285 436 2359 palis
480 2284 757 2349 instrata,
790 2298 923 2355 quse
962 2289 1292 2357 angustum
1334 2281 1560 2339 habent
1599 2300 1669 2339 ex
1708 2285 2052 2341 continente
2093 2286 2323 2341 aditum

149 2378 250 2418 uno
282 2372 474 2437 ponte
565 2360 760 2427 Pales,
789 2376 965 2436 super
1005 2361 1247 2434 quibus
1261 2368 1443 2417 strata
1488 2368 1629 2418 sunt
1667 2361 1954 2430 tabulata,
1984 2362 2128 2418 olim
2167 2363 2326 2419 cives

150 2443 375 2498 universi
401 2438 651 2516 publicu)
678 2438 917 2497 nomine
945 2444 1287 2496 statuerant.
1360 2437 1597 2495 Deinde
1624 2450 1762 2496 vero
1790 2440 2038 2497 invaluit
2063 2455 2224 2511 usus,
2253 2442 2326 2499 nt

120 2516 299 2577 iidem
326 2522 437 2577 hoc
474 2518 657 2576 modo
699 2524 1073 2574 statuantur.
1121 2526 1189 2575 ut
1225 2518 1472 2593 quisque
1511 2534 1759 2575 uxorem
1801 2518 1986 2587 ducit,
2012 2537 2156 2596 quas
2197 2520 2328 2595 qui-

154 2596 265 2655 dem
298 2600 617 2674 permultas
642 2598 1045 2671 unusquisque
1073 2594 1252 2664 ducit,
1280 2596 1365 2652 ita
1404 2614 1510 2671 pro
1535 2614 1765 2674 quaque
1794 2616 1978 2656 uxore
2005 2608 2120 2657 tres
2161 2598 2331 2673 palos

155 2679 349 2746 statuit,
374 2696 447 2734 ex
470 2683 681 2735 monte
715 2672 1015 2743 adductos,
1044 2676 1140 2731 cui
1180 2692 1394 2732 nomen
1422 2676 1692 2733 Orbelus
1771 2676 2066 2735 Habitant
2105 2678 2200 2734 hic
2225 2694 2332 2735 au·

154 2761 255 2810 tem
274 2757 375 2813 tali
402 2754 605 2813 modo,
684 2754 1102 2829 Unusquisque
1129 2760 1305 2828 super
1330 2754 1610 2811 tabulatis
1653 2756 1768 2811 illis
1793 2758 2103 2833 tugurium
2129 2758 2328 2825 habet,

154 2830 205 2887 in
233 2850 337 2907 quo
360 2836 549 2892 vitam
578 2834 722 2909 agit,
752 2837 811 2890 et
846 2830 1093 2907 januam
1127 2832 1470 2909 plicatilem,
1497 2852 1629 2908 quae
1655 2853 1758 2909 per
1796 2836 2129 2895 tabulatum
2157 2836 2328 2905 deor-7

154 2926 267 2969 sum
302 2914 409 2971 fert
444 2913 517 2969 ad
561 2911 857 2989 paludem.
942 2910 1221 2969 Parvulos
1264 2918 1463 2967 autem
1509 2930 1718 2985 pueros
1764 2914 2103 2991 puellasque
2130 2923 2330 2989 sparto

154 3006 215 3044 ex
248 2993 383 3065 pede
415 2982 708 3069 adligant,
734 2998 1067 3049 metuentes
1108 3008 1183 3046 ne
1224 2991 1622 3065 imprudentes
1668 2991 1957 3053 decidant.
2040 2992 2224 3066 Equis
2263 3002 2330 3050 et

147 3062 407 3135 jumentis
432 3088 545 3147 pro
570 3070 789 3145 pabulo
816 3070 1025 3159 pisces
1032 3068 1308 3143 praebent.
1351 3068 1458 3125 Est
1484 3088 1516 3123 a
1561 3079 1678 3125 tem
1711 3070 1920 3127 horum
1949 3077 2112 3127 tanta
2131 3070 2327 3145 copia,

153 3156 224 3213 ut,
250 3149 475 3224 quando
504 3150 638 3225 quis
665 3142 1025 3222 plicatilem'
1001 3163 1252 3218 januam
1278 3148 1495 3203 reclina
1558 3158 1603 3215 t,
1633 3157 1691 3206 et
1718 3165 1964 3206 vacuam
1989 3148 2240 3205 corbem
2253 3166 2329 3207 ex

154 3226 313 3283 fune'
298 3246 357 3285 m
382 3246 602 3303 aquam
628 3224 882 3293 demisit,
912 3226 1074 3282 brevi
1100 3226 1440 3300 interposita
1465 3245 1632 3284 mora
1670 3226 1907 3303 plenam
1939 3228 2193 3303 piscibus
2222 3246 2325 3285 ex·

156 3306 339 3364 trahat.
418 3308 572 3364 Sunt
613 3312 810 3362 autem
850 3306 1082 3379 piscium
1120 3304 1355 3361 illorum
1378 3304 1503 3362 duo
1537 3326 1760 3379 genera,
1787 3325 1936 3380 quos
1975 3314 2329 3381 papraceset

157 3385 323 3442 litones
346 3385 663 3461 adpellant.
708 3384 805 3441 Ex
833 3382 1140 3440 Paeonibus
1166 3384 1385 3459 igitur
1370 3385 1411 3440 1i
1436 3385 1540 3459 qui
1565 3386 1796 3445 subacti
1821 3394 2011 3457 erant,
2040 3386 2101 3443 in
2126 3386 2327 3445 Asiam

154 3478 207 3517 su
214 3474 275 3521 nt
298 3464 558 3523 abducti.

229 3546 306 3605 17.
341 3542 739 3620 Megabazus,
790 3540 1046 3599 subactis
1093 3540 1423 3609 Paeonibus,
1462 3542 1691 3617 legatos
1743 3542 1906 3601 misit
1948 3546 2009 3601 in
2047 3544 2328 3601 Macedo

158 3620 314 3689 niam,
344 3632 573 3697 septem
600 3622 758 3677 siros
786 3622 1008 3687 Persa3‚
1030 3622 1128 3695 q-ui
1158 3628 1290 3695 post
1316 3621 1487 3675 illum
1513 3624 1923 3706 spectatissimi
1951 3632 2114 3680 erant
2143 3625 2200 3680 in
2225 3641 2330 3678 ex-

156 3702 333 3757 ercitu.
411 3699 589 3759 Missi
610 3698 671 3756 hi
700 3708 841 3757 sunt
860 3700 930 3755 ad
957 3700 1297 3771 Amyntam,
1320 3707 1537 3755 terram
1567 3708 1626 3757 et
1651 3718 1868 3775 aquam
1897 3703 1970 3759 ab
1999 3702 2101 3758 illo
2125 3710 2331 3783 postu-

152 3774 307 3835 laturi
336 3781 581 3836 nomine
607 3779 773 3836 Darii
802 3776 972 3853 regis.
1051 3778 1160 3833 Est
1187 3786 1385 3833 autem
1412 3796 1448 3833 a
1471 3776 1746 3836 Prasiade
1775 3782 1987 3855 palude
2017 3782 2113 3835 via
2137 3772 2330 3837 brevis

156 3854 495 3915 admodum
483 3877 543 3927 m
564 3858 996 3915 Macedoniam.
1077 3856 1343 3912 Primum
1372 3856 1549 3925 enim,
1582 3861 1848 3932 proxima
1871 3859 1944 3916 ab
1969 3860 2079 3915 hac
2117 3858 2331 3931 palude

156 3941 229 3988 est
256 3938 474 3993 metalli
502 3936 727 4003 fodina‚
756 3952 831 3993 ex
860 3954 975 4011 qua
1002 3942 1234 4007 postero
1264 3942 1527 4009 tempore
1555 3938 1840 3993 talentum
1879 3932 2104 4013 argenti
2133 3937 2327 4009 quoti·-

156 4010 234 4068 die
261 4015 422 4073 rediit
448 4016 814 4073 Alexandro·
848 4023 981 4089 post
1007 4016 1119 4079 hoe
1146 4014 1453 4070 metallum
1484 4015 1540 4070 si
1555 4026 1816 4109 montem
1847 4016 2208 4105 superaveris
2233 4017 2331 4075 cui

152 4086 395 4167 Dysorus
420 4112 667 4161 nomen,
697 4096 757 4151 in
780 4091 1131 4150 Macedonia
1156 4093 1285 4147 eris.
1813 4122 1820 4127 -

223 4172 740 4251 18.Persae1g1tur
766 4172 827 4231 hi
858 4172 1056 4250 legati,
1073 4172 1178 4228 ubi
1208 4172 1277 4227 ad
1312 4168 1634 4247 Amyntam
1664 4190 2004 4249 pervenere,
2037 4174 2326 4249 petierunt
