2925 4992
939 298 1277 365 TERPSI
1290 298 1412 371 01⁴1
1424 300 1625 363 ORE.
2267 292 2388 369 256

290 457 419 521 1³35.
456 454 619 521 Dum
638 460 1007 523 Amathunta
1032 462 1315 522 Onesilus
1352 458 1606 529 obsidet,
1633 461 1870 521 interim
1911 458 2098 523 Dario
2143 464 2388 523 nuncie-

216 548 325 610 tur,
346 539 549 599 Sardes
586 550 785 617 aptas
822 560 949 599 esse
986 542 1371 617 incensasque
1410 543 1488 599 sb
1523 541 1976 599 Atheniensibus
2001 551 2178 617 etque
2225 542 2388 599 Ioni-

216 620 338 688 bus,
364 621 633 695 illiusque
658 620 949 681 tumultun
972 629 1293 688 auctorem,
1320 617 1491 692 cnjus
1531 620 1778 677 consilio
1804 620 1930 679 haec
1954 629 2224 694 suscepte
2243 623 2387 689 sint,

213 700 595 775 Aristagoram
616 716 741 757 esse
765 700 1089 757 Milesium.
1166 702 1305 762 Quo
1322 708 1562 775 accepto
1583 700 1818 767 nuncio,
1837 699 2050 757 dicitur
2069 716 2194 766 rex,
2217 700 2387 759 nulia

212 778 417 837 ratione
442 777 645 835 habita
672 780 913 845 ionum,
941 782 1155 853 quippe
1182 795 1331 851 quos
1360 780 1512 837 bene
1550 788 1792 837 noverat
1817 796 1936 835 non
1965 779 2206 852 impune
2232 780 2388 837 intu-

214 873 297 913 ros
332 859 485 931 quod
525 858 896 924 defecissent,
925 858 1203 931 quaesisse
1246 864 1468 931 quinam
1511 864 1682 915 essent
1709 856 2103 915 Athenienses?
2157 858 2386 929 deinde,

208 942 500 1010 postquam
516 983 519 991 .
536 936 779 1002 audivit,
809 936 1139 1009 poposcisse
1178 948 1405 1003 ereum,
1434 946 1494 992 et
1533 937 1808 1009 sagittam
1851 938 2009 993 arcui
2049 934 2388 1013 impositam

208 1014 801 1151 ‘¹³²³‘ae
1156 1013 2138 1152 „mmm
2161 1015 2390 1151 :³¹²3ss

204 1186 307 1244 que
328 1110 518 1241 deletis:
550 1110 857 1229 manda
880 1173 989 1229 uni
1016 1110 1377 1241 effinistris,
1404 1180 1496 1239 ut,
1524 1172 1754 1247 quoties
1775 1190 1944 1229 coena
1983 1174 2093 1247 ipsi
2127 1174 2390 1247 adpone-

204 1256 367 1316 retur,
392 1258 483 1305 ter
506 1252 625 1324 ipsi
649 1252 889 1317 diceret,
934 1258 978 1285 “
1005 1249 1283 1316 Domine,
1310 1264 1608 1309 memento
1633 1250 2072 1307 Atheniensium
2094 1251 2148 1307 !”

278 1332 399 1385 106.
442 1328 581 1385 Hoc
626 1329 765 1385 dato
810 1328 1109 1395 mandato,
1134 1340 1345 1387 vocato
1386 1331 1447 1385 in
1489 1339 1870 1403 conspectum
1913 1347 2086 1387 suum
2136 1331 2389 1389 Histiaeo

200 1404 437 1474 Milesio,
457 1424 639 1481 quem
659 1404 785 1477 jam
804 1407 995 1465 multo
1020 1408 1235 1465 abhinc
1250 1415 1514 1483 tempore
1541 1406 1696 1482 apud
1715 1425 1775 1465 se
1794 1408 2010 1465 Darius
2029 1410 2348 1467 retinuerat
2362 1425 2384 1466 t

206 1490 247 1516 “
270 1484 581 1553 Histiaee,”
610 1488 821 1560 inquit,
839 1493 891 1529 -“
920 1495 1091 1543 tuum
1111 1498 1568 1561 procuratorem,
1589 1482 1682 1557 cuj
1691 1504 1760 1543 us
1779 1486 1911 1546 fidei
1929 1487 2206 1545 Miletum
2223 1505 2388 1545 eom·

206 1565 245 1594 “
268 1565 493 1635 misisti,
524 1566 711 1622 audio
737 1582 828 1623 res
872 1582 1054 1623 noves
1094 1566 1367 1625 adversus
1408 1584 1508 1623 me
1551 1582 1676 1621 esse
1719 1566 2010 1623 molitum.
2091 1566 2390 1629 Homines

206 1645 248 1673 “
268 1644 419 1700 enim
444 1660 519 1700 ex
544 1645 741 1704 altera
760 1643 1105 1701 continente
1140 1645 1417 1701 adversus
1442 1662 1542 1701 me
1567 1644 1762 1710 duxit,
1787 1651 1848 1701 et
1876 1644 2050 1701 Ionas
2075 1662 2214 1701 cum
2248 1645 2387 1711 illis,

204 1722 243 1751 “
262 1720 549 1780 factorum
582 1740 787 1797 peenas
814 1723 963 1779 mihi
986 1724 1229 1781 daturos
1249 1740 1268 1778 ι
1311 1724 1401 1781 his
1423 1725 1712 1797 persuasit
1732 1730 1801 1779 ut
1827 1721 1960 1779 illos
1989 1733 2386 1797 sequerentur,

202 1800 243 1829 ‘³
264 1808 321 1857 et
360 1803 575 1859 sardes
619 1802 766 1859 mihi
808 1802 1039 1875 eripuit.
1124 1802 1305 1859 Nunc
1329 1800 1532 1877 igitur,
1561 1819 1682 1875 quo
1723 1807 1896 1875 pacto
1929 1802 2036 1859 tibi
2082 1803 2194 1859 hoc
2238 1803 2388 1865 bene

202 1883 237 1909 “
261 1878 463 1937 habere
488 1880 767 1941 videtur?
806 1897 999 1954 quove
1024 1888 1195 1953 paeto
1238 1882 1353 1938 tale
1392 1882 1694 1955 quidpiam
1733 1880 1956 1953 absque
1993 1888 2100 1937 tuo
2139 1878 2388 1939 consilio

174 1952 243 1989 “‘
264 1956 475 2015 factum
497 1962 637 2017 eet?
696 1956 847 2015 Vide
866 1978 941 2015 ne
966 1959 1181 2015 deinde
1206 1967 1276 2017 tu
1304 1962 1427 2034 ipse
1450 1961 1560 2015 hae
1577 1959 1748 2033 culpa
1765 1959 2067 2015 tenearis.”
2149 1959 2238 2017 Ad
2263 1960 2388 2015 haec

200 2031 463 2095 Histioeus
504 2038 847 2111 respoudit:
908 2044 948 2069 “
978 2028 1167 2099 Quale
1190 2039 1460 2104 verbum,
1491 2039 1642 2103 Rex,
1689 2038 2128 2112 pronunciasti?
2179 2055 2388 2095 me-ne

201 2118 239 2146 “
260 2117 469 2191 agitare
484 2116 701 2173 consili
710 2135 831 2182 nm,
842 2134 917 2173 ex
930 2133 1047 2189 quo
1064 2115 1169 2173 tibi
1184 2118 1307 2173 uile
1323 2117 1608 2182 molestia,
1621 2118 1744 2173 sive
1759 2134 1996 2191 magna,
2009 2119 2130 2189 sive
2148 2118 2384 2191 exigua,

200 2196 239 2223 “
260 2196 499 2253 existat?
570 2195 731 2257 Quid
758 2212 1026 2270 quaerens
1053 2196 1347 2270 equidem,
1388 2196 1506 2251 tule
1541 2196 1838 2269 quidpiam
1865 2195 2160 2253 facerem?
2205 2192 2386 2267 Cujus

200 2275 238 2301 ‘⁶
259 2272 335 2329 rei
360 2274 645 2349 indigeo?
688 2270 785 2330 cui
809 2275 1035 2339 eadem,
1060 2291 1195 2347 quae
1217 2274 1349 2341 tibi,
1378 2284 1591 2348 praesto
1617 2284 1786 2343 sunt3
1831 2273 2070 2347 quicum
2095 2280 2162 2331 tu
2185 2275 2390 2333 omnia

200 2352 233 2385 ‘⁴
254 2350 351 2407 tun
386 2354 827 2410 communiente
868 2352 1117 2409 consilis
1158 2352 1439 2427 digneris.
1519 2352 1738 2418 Immo,
1775 2352 1825 2407 si
1863 2352 2004 2425 quid
2043 2353 2182 2415 tale,
2213 2353 2388 2423 quale

200 2432 239 2459 “
261 2436 325 2486 tu
348 2432 452 2498 nis,
479 2448 656 2488 meus
682 2431 868 2507 agitet
896 2437 1255 2505 procurator,
1284 2431 1433 2487 scito
1459 2430 1518 2487 id
1545 2448 1682 2487 eum
1709 2447 1816 2487 suo
1841 2430 2048 2487 fecisse
2073 2430 2384 2489 arbitratu.

200 2511 241 2538 ‘⁴'
254 2508 327 2567 'At
350 2510 495 2567 mihi
549 2510 747 2567 stetim
788 2526 861 2565 ne
900 2508 1233 2585 persuaderi
1259 2510 1496 2583 quidem
1538 2518 1755 2583 potest,
1777 2508 2044 2567 Milesios
2087 2516 2146 2564 et
2181 2526 2386 2567 meum

200 2590 241 2617 ‘⁶
262 2596 693 2661 procuratorem
726 2605 907 2645 novas
933 2606 1023 2645 res
1048 2588 1323 2645 adversus
1350 2596 1411 2645 te
1435 2589 1650 2646 moliri.
1732 2588 1834 2645 Sin
1876 2588 2082 2662 utique
2105 2586 2221 2643 tale
2243 2588 2386 2661 quid

198 2669 233 2695 “
258 2676 455 2742 agunt,
486 2667 721 2741 tibique
766 2667 817 2725 si
858 2684 997 2727 vere
1036 2667 1219 2723 relatu
1258 2675 1423 2733 sunt,
1448 2668 1604 2735 vide,
1649 2667 1802 2733 Rex,
1827 2667 1972 2743 quid
2011 2668 2090 2723 sit
2131 2668 2288 2743 quod
2317 2674 2385 2723 tu

197 2748 235 2775 “
256 2742 469 2811 feceris,
498 2746 651 2803 dum
696 2764 795 2803 me
838 2764 875 2801 a
898 2745 1065 2803 meri
1108 2743 1455 2803 abstraxisti.
1535 2746 1826 2804 Videntur
1869 2746 2034 2801 enim
2075 2742 2268 2811 Iones,
2309 2764 2385 2803 ex

199 2826 235 2852 “
258 2840 369 2896 quo
408 2844 527 2902 ego
582 2844 656 2881 ex
696 2824 935 2881 illorum
979 2832 1297 2899 conspectu
1330 2833 1592 2881 remotus
1637 2842 1798 2891 snm,
1843 2826 2070 2899 agitare
2113 2825 2170 2881 id
2215 2818 2386 2895 cujus

196 2903 233 2935 ‘⁴
254 2901 388 2961 olim
416 2903 775 2961 desiderium
820 2903 1164 2961 habuerunt.
1265 2904 1369 2960 Sin
1410 2921 1528 2979 ego
1567 2905 1631 2959 in
1675 2904 1846 2963 Ionia
1889 2904 2176 2969 adessem,
2223 2904 2388 2961 nulla

200 2981 237 3011 “
260 2980 451 3041 civitas
476 3002 547 3041 se
574 2983 670 3038 vel
696 2981 1023 3055 pauxillum
1044 2988 1281 3039 motum
1304 2990 1445 3039 eret.
1510 2982 1692 3039 Nunc
1719 2981 1900 3055 igitur
1917 2998 2094 3055 quem
2123 2977 2385 3055 primum

198 3058 483 3119 “dimitte
504 3080 627 3128 me,
656 3071 727 3118 ut
754 3062 817 3117 in
844 3058 1076 3117 Ioniam
1101 3060 1453 3135 proficiscar,
1481 3061 1708 3134 tibique
1745 3056 1946 3116 omnia
1991 3060 2072 3117 ibi
2117 3062 2180 3115 in
2227 3056 2384 3117 inte‘-

200 3142 241 3168 “
264 3154 433 3213 grum
462 3142 791 3207 restituam,
820 3148 879 3195 et
912 3146 1347 3212 procuratorem
1373 3140 1530 3197 hunc
1555 3138 1770 3221 Mileti,
1793 3138 1900 3211 qui
1924 3138 2052 3195 hoee
2077 3134 2384 3195 machina-

199 3219 239 3247 “
260 3224 355 3275 tus
390 3228 503 3286 est,
530 3220 802 3275 vinctum
845 3218 1093 3275 tradam.
1190 3216 1341 3275 Haee
1389 3233 1575 3291 quum
1621 3233 1696 3273 ex
1741 3216 1922 3275 enimi
1961 3218 2052 3273 tui
2097 3217 2391 3275 sententia

199 3298 241 3327 “
264 3296 576 3369 perfecero,
604 3298 745 3355 deos
764 3293 903 3369 juro
930 3297 1145 3373 regios,
1173 3311 1291 3353 non
1322 3298 1484 3370 prius
1509 3297 1770 3356 tunicam
1809 3302 2126 3353 exuturum
2151 3295 2386 3371 quein-

200 3374 249 3403 “‘
262 3374 431 3433 dutus
481 3376 711 3433 Ioniam
754 3377 1071 3442 intravero,
1097 3390 1279 3449 quam
1316 3376 1427 3434 tibi
1458 3375 1808 3441 Sardiniam,
1851 3375 2170 3434 maximam
2216 3376 2383 3432 insu-

198 3454 234 3481 “
254 3452 393 3521 lam,
422 3455 800 3512 tributariam
824 3454 1189 3513 reddideroe·

268 3536 392 3596 107.
435 3533 553 3590 His
582 3532 643 3590 H
648 3533 819 3589 istiaei
841 3532 1037 3589 verbis
1062 3534 1341 3607 deceptus
1364 3532 1586 3593 Darius
1613 3549 1836 3591 morem
1875 3533 1932 3591 ei
1975 3534 2180 3609 gessit,
2207 3518 2384 3591 dimi-

192 3608 369 3684 sitque
414 3630 553 3669 eum
598 3607 825 3683 adjecto
872 3610 1175 3687 mundato,
1218 3620 1309 3677 ut,
1353 3620 1668 3686 postquam
1715 3618 1848 3685 quae
1889 3612 2186 3688 pollicitus
2233 3620 2385 3679 esset

192 3686 383 3745 effectu
408 3691 689 3755 dedisset,
714 3690 789 3746 nd
818 3706 879 3747 se
906 3688 1049 3747 Susa
1076 3690 1307 3747 rediret.
1481 3756 1486 3761 ,

270 3771 393 3825 108.
436 3769 547 3825 Per
592 3770 747 3825 idem
801 3778 1053 3843 tempus,
1094 3785 1215 3843 qno
1266 3767 1520 3825 nuncius
1567 3768 1642 3825 de
1681 3770 1934 3827 incensis
1987 3768 2264 3828 Sardibus
2307 3768 2384 3828 ad

194 3840 430 3903 Darium
458 3848 673 3905 missus
700 3855 811 3913 est,
836 3855 897 3905 et
924 3848 1143 3904 Darius
1166 3848 1383 3923 sagitta
1406 3846 1468 3901 in
1493 3847 1712 3905 coelum
1731 3850 1944 3906 emissa
1969 3865 2102 3909 cum
2129 3846 2392 3905 Histimo.

194 3932 511 3986 sermonem
554 3927 829 3991 eontulit,
854 3924 1257 3999 Histiaeusque
1282 3945 1321 3983 a
1346 3942 1484 4000 rege
1511 3925 1786 3983 dimissus
1829 3928 1900 3983 ad
1948 3933 2224 3983 mare-est
2247 3942 2384 4000 pro-

192 3998 369 4059 fectus
393 4028 413 4075 3
456 4006 695 4063 interim
721 4004 783 4061 in
815 4004 997 4077 Cypro
1018 4005 1145 4062 hoee
1168 4012 1340 4079 gesta
1364 4012 1526 4063 sunt.
1587 4005 1835 4061 Onesilo
1859 4000 2178 4061 Salaminio
2203 4004 2385 4061 Ama-

196 4078 411 4139 thusios
456 4082 751 4144 obsidenti
792 4083 1133 4149 nunciatur,
1173 4082 1483 4157 Artybium
1529 4082 1766 4139 Persam
1794 4101 1927 4147 cum
1957 4080 2142 4139 classe
2185 4090 2247 4139 et
2288 4084 2385 4142 in-

190 4160 343 4229 genti
368 4161 679 4221 Persarum
717 4162 979 4229 exercitu
1015 4161 1355 4221 adfuturum
1380 4178 1508 4218 esse
1529 4160 1594 4219 in
1621 4162 1901 4235 Cyprum.
1976 4162 2118 4223 Quo
2141 4163 2386 4239 cognito

1162 4244 1201 4296 2
1230 4258 1265 4295 L
1294 4243 1333 4297 ‘2
