2925 4992
1149 331 1440 392 CLIO.
2318 341 2423 404 33,

183 487 286 545 bat
321 489 544 562 partim
571 487 810 562 quidem
849 489 1036 563 ipsius
1071 491 1188 547 loci
1216 491 1629 556 commoditas,
1657 507 1841 564 quum
1870 500 2023 550 esset
2046 495 2209 553 collis
2234 517 2247 552 ε
2276 495 2395 552 ‚sed

183 572 374 643 magis
401 567 584 624 etiam
615 569 756 623 data
795 587 972 642 opera
1009 571 1346 626 institutum
1373 579 1499 626 erat
1533 588 1703 643 opus,
1730 587 1915 646 quum
1942 573 2111 630 orbes
2138 575 2399 632 universi

180 649 298 702 sint
321 656 580 720 septem,
612 665 868 721 quorum
901 651 961 703 in
993 659 1292 720 postremo
1323 652 1485 722 regia
1512 659 1599 704 est
1624 659 1685 704 et
1714 653 1989 707 thesauri.
2046 653 2163 715 Qui
2194 661 2395 710 autem

179 729 752 782 murus-maximum
789 727 1024 784 conficit
1049 728 1274 794 orbem,
1303 729 1352 784 is
1380 729 1745 784 Athenarum
1785 728 1905 785 fere
1946 731 2237 788 ambitum
2252 750 2394 788 am·

179 806 472 878 plitudine
515 815 727 878 aequat.
809 806 944 862 Jam
987 807 1160 882 primi
1201 807 1356 862 orbis
1397 807 1863 888 propugnacula,
1892 809 2026 865 alba
2067 819 2207 866 sunt
2229 836 2246 881 3
2296 827 2391 867 se·-

179 885 357 940 cundi
387 885 598 958 nigra3
645 883 800 940 tertii
832 886 990 941 orbis
1029 901 1353 960 purpurea;
1399 888 1594 959 quarti
1620 888 1901 956 caerulea3
1948 889 2141 961 quinti
2180 890 2393 946 sanda-

179 965 413 1019 racina:
459 965 542 1018 ita
585 971 934 1038 cunctorum
975 965 1206 1020 orbium
1257 965 1697 1040 propugnacula
1738 966 2059 1042 pigmentis
2101 976 2244 1024 sunt
2284 968 2393 1024 ob-

175 1043 350 1098 ducta
375 1068 395 1113 3
443 1043 699 1098 duorum
747 1049 884 1098 vero
937 1047 1368 1116 postremorum
1414 1045 1647 1100 orbium
1704 1045 1849 1100 alter
1898 1054 2207 1121 argentata
2254 1065 2391 1121 pro-

173 1123 516 1196 pugnacula
541 1122 739 1188 habet,
769 1123 916 1178 alter
943 1125 1229 1178 inaurata.

255 1204 348 1258 99.
395 1201 548 1269 Haec
589 1201 772 1276 igitur
812 1204 1180 1258 munimenta
1209 1201 1454 1258 Deioces
1490 1202 1603 1258 sibi
1642 1203 1933 1259 exstruxit
1959 1212 2018 1260 et
2044 1205 2199 1262 circa
2238 1205 2391 1262 aedes

174 1295 307 1336 suas
333 1303 347 1336 2
395 1287 530 1338 tum
560 1299 702 1335 vero
731 1281 1020 1355 reliquum
1062 1281 1348 1354 populum
1383 1277 1562 1350 jussit
1588 1283 1965 1338 circumcirca
1988 1301 2179 1340 arcem
2219 1283 2387 1341 habi·

172 1367 313 1414 tare.
401 1360 769 1416 constructis
817 1371 1012 1415 autem
1057 1361 1185 1416 istis
1227 1356 1524 1426 omnibus,
1560 1361 1827 1418 ordinem
1867 1362 2091 1434 primus
2132 1362 2387 1420 Deioces

169 1438 439 1494 instituit
466 1439 644 1512 hunc,
673 1447 740 1494 ut
769 1441 993 1496 nemini
1031 1438 1103 1496 ad
1145 1455 1346 1515 regem
1390 1439 1590 1495 liceret
1632 1440 1880 1514 ingredi,
1910 1442 2009 1496 sed
2052 1459 2156 1514 per
2198 1443 2385 1498 inter-

171 1517 426 1574 nuncios
467 1518 676 1578 omnia
711 1520 1202 1594 transigerentur,
1233 1535 1343 1574 nec
1383 1519 1817 1591 conspiceretur
1858 1537 1961 1574 rex
1986 1538 2021 1574 a
2048 1535 2385 1594 quoquam:

170 1597 245 1652 ad
281 1597 436 1663 haec,
466 1604 536 1652 ut
575 1597 768 1654 ridere
809 1606 910 1653 aut
949 1615 1232 1672 exspuere
1271 1613 1471 1652 coram
1510 1597 1634 1662 illo,
1666 1598 1867 1671 utique
1908 1596 2181 1654 omnibus
2223 1600 2389 1655 factu

168 1682 343 1749 turpe
373 1675 706 1732 haberetur.
731 1673 736 1678 ’
786 1677 1130 1734 Adfectabat
1157 1684 1356 1734 autem
1392 1676 1743 1748 gravitatem
1776 1677 1947 1732 istam
1980 1677 2091 1732 hoc
2119 1674 2385 1744 consilio,

167 1772 244 1810 ne
283 1763 600 1810 cernentes
639 1773 776 1811 eum
820 1758 1066 1830 aequales
1105 1764 1168 1812 et
1205 1773 1324 1811 una
1361 1771 1499 1810 cum
1540 1771 1611 1810 eo
1654 1754 1905 1822 educati,
1935 1755 2226 1829 domoque
2268 1757 2387 1814 orti

167 1851 294 1889 non
319 1833 570 1899 .viliori,
612 1852 718 1892 nec
772 1836 1012 1892 virtute·
1033 1836 1359 1899 inferiores,
1403 1832 1669 1888 dolerent
1718 1834 1887 1906 eique
1939 1830 2345 1892 insidiarentur
2360 1860 2381 1906 3

165 1912 268 1970 sed
295 1919 368 1967 ut
397 1910 644 1969 diversae
672 1921 894 1970 naturae
923 1915 1101 1970 homo
1129 1915 1243 1971 illis
1271 1913 1590 1977 videretur,
1622 1913 1813 1984 ipsum
1844 1929 1967 1968 non
1992 1915 2384 1972 intuentibus.

254 1997 388 2048 100.
429 1989 545 2046 His
587 1991 673 2048 ita
711 1993 1012 2057 ordinatis,
1041 2010 1227 2066 quum
1265 1988 1557 2048 firmasset
1596 1990 1707 2046 sibi
1752 1992 2085 2064 imperium,
2112 1993 2173 2050 in
2216 2010 2383 2050 exer-

164 2072 358 2128 cenda
389 2066 630 2140 justitia
650 2072 821 2127 valde
859 2090 1131 2128 severum
1164 2089 1226 2128 se
1265 2069 1531 2144 praebuit.
1611 2069 1941 2144 Litigantes
1982 2089 2219 2128 caussas
2244 2090 2381 2130 suas

164 2151 387 2224 scripto
415 2151 792 2226 consignatas
819 2151 890 2206 ad
920 2168 1056 2206 eum
1098 2168 1202 2223 per
1229 2147 1631 2206 internuncios
1660 2149 1817 2204 intro
1846 2151 2190 2220 mittebant3
2233 2169 2383 2225 quas

163 2230 268 2286 ine
282 2227 582 2299 judicatas
607 2229 959 2285 remittebat.
1019 2229 1198 2285 Hunc
1221 2246 1448 2284 morem
1476 2229 1537 2283 in
1560 2222 1897 2295 judicandis
1924 2231 2145 2286 caussis
2170 2248 2381 2304 seque-

161 2309 381 2364 batur:
428 2317 488 2365 et
513 2310 739 2383 reliqua
759 2309 1164 2364 etiam-omnia
1190 2315 1344 2363 recte
1369 2307 1444 2362 ab
1465 2323 1537 2362 eo
1564 2305 1829 2362 ordinata
1855 2317 2041 2362 erant.
2112 2310 2175 2363 Si
2200 2327 2376 2382 quem

162 2388 555 2444 intellexisset
578 2388 910 2462 protervius
938 2399 1242 2462 agentem,
1269 2387 1430 2442 hunc
1459 2385 1533 2440 ad
1558 2401 1621 2440 se
1647 2386 1991 2441 arcessitum
2020 2387 2240 2442 inflicta
2272 2407 2379 2461 pro

161 2467 364 2523 delicti
394 2467 576 2524 modo
617 2484 790 2541 poena
815 2467 1139 2524 multabat:
1185 2483 1368 2538 eaque
1395 2479 1601 2522 caussa
1638 2463 2037 2537 exploratores
2080 2467 2376 2523 ausculta-

161 2555 443 2620 toresque
471 2564 576 2620 per
598 2547 957 2611 universam,
982 2545 1078 2600 cui
1105 2545 1454 2618 imperabat,
1487 2542 1791 2614 regionem
1822 2541 2091 2600 habebat.

251 2632 386 2683 101.
433 2625 684 2683 Deioces
711 2625 897 2699 igitur
919 2625 1106 2679 solam
1142 2625 1411 2680 Medicam
1451 2625 1723 2678 nationem
1750 2624 1809 2677 in
1838 2641 2017 2678 unam
2058 2624 2375 2690 contraxit,

163 2705 334 2781 eique
375 2704 712 2778 imperavit.
791 2699 976 2773 Cujus
1019 2702 1282 2760 nationis
1307 2709 1396 2758 tot
1429 2717 1677 2758 numero
1708 2709 1917 2776 gentes
1955 2709 2132 2758 sunt:
2174 2701 2375 2769 Busae,

159 2782 552 2851 Paraetaceni,
582 2781 945 2848 Stmchates,
973 2782 1260 2848 Arizanti,
1291 2781 1494 2847 Budii,
1525 2779 1711 2853 Magi.
1792 2779 1907 2836 Hae
1950 2789 2088 2836 sunt
2128 2787 2219 2838 tot
2243 2781 2394 2848 Me2

160 2864 374 2922 dorum
405 2872 639 2939 genteS.
1834 2931 1837 2934 ᾗ

247 2949 380 3001 102.
423 2943 564 2999 Fuit
603 2947 800 2999 autem
835 2941 1074 2998 Deiocis
1115 2941 1272 2997 filius
1294 2940 1699 3008 Pnnmxmzs,
1730 2939 1853 3012 qui,
1880 2945 2115 2994 mortuo
2154 2938 2376 2996 Deioce

165 3033 482 3098 postquam
511 3028 629 3078 tres
657 3031 716 3076 et
742 3021 1172 3095 quinquaginta
1195 3037 1383 3074 annos
1408 3025 1731 3092 regnasset,
1758 3019 2013 3089 suscepit
2039 3017 2375 3090 imperium.

166 3104 284 3160 Hic
313 3121 441 3159 non
485 3107 804 3156 contentus
852 3100 992 3154 solis
1033 3101 1318 3172 imperare
1352 3097 1569 3162 Medis,
1596 3097 2025 3170 expeditionem
2069 3095 2131 3150 in'
2168 3094 2375 3154 Persas

165 3180 445 3256 suscepit,
478 3183 700 3253 hosque
719 3181 941 3252 primos
965 3177 1278 3252 adgressus
1301 3184 1410 3242 est,
1437 3177 1767 3249 primosque
1792 3173 2038 3248 imperio
2055 3173 2375 3234 Medorum

164 3258 436 3332 subjecit.
517 3258 753 3315 Deinde
777 3275 936 3321 veru,
967 3274 1151 3330 quum
1181 3262 1334 3312 esset
1365 3256 1577 3311 horum
1603 3254 1856 3311 duorum
1880 3253 2239 3326 populorum
2266 3254 2372 3310 do-

159 3338 382 3406 minus,
417 3337 601 3396 validi
621 3337 966 3411 -utriusque,
993 3336 1193 3393 Asiam
1236 3334 1489 3408 subegit,
1534 3335 1607 3390 ab
1650 3334 1765 3390 alio
1808 3333 2030 3408 populo
2071 3332 2145 3388 ad
2188 3332 2374 3393 alium

157 3419 470 3476 transiens.
553 3413 856 3472 Postremo
907 3415 1184 3474 adversus
1230 3414 1497 3484 Assyrios
1548 3432 1713 3469 arma
1756 3419 2117 3480 convertenS,
2158 3429 2373 3486 nempe
2415 3470 2435 3474 ,,

155 3499 538 3575 Assyriorum
563 3496 698 3552 illos
723 3496 820 3569 qui
849 3494 1074 3551 Ninum
1099 3492 1400 3557 tenebant,
1421 3492 1661 3566 quique,
1682 3508 1867 3565 quum
1893 3497 2067 3549 antea
2089 3492 2371 3549 omnibus

156 3580 570 3652 imperassent,
593 3583 733 3631 tunc
755 3574 949 3641 sociis,
966 3574 1182 3648 quippe
1202 3569 1302 3646 qui
1327 3571 1402 3626 ab
1426 3571 1543 3628 illis
1568 3571 1929 3637 defecerant,
1947 3581 2117 3627 erant
2142 3570 2385 3636 nudati„

154 3666 440 3714 caeterum
466 3654 626 3711 felici
655 3671 848 3710 rerum
877 3669 1115 3709 suarum
1141 3660 1302 3708 statu
1338 3651 1694 3720 utebantur-3
1740 3649 2017 3704 adversus
2058 3649 2166 3705 hos
2205 3657 2367 3721 post-

153 3753 334 3811 quam
365 3752 534 3791 arma
573 3732 860 3791 convertit
885 3731 1216 3796 Phraortes,
1247 3729 1420 3802 periit
1446 3735 1506 3785 et
1546 3729 1692 3803 ipse,
1722 3728 1973 3784 secundo
2002 3735 2063 3782 et
2088 3727 2369 3786 vicesimo

153 3833 312 3872 anno
338 3831 524 3889 quam
554 3829 742 3887 regno
769 3818 895 3868 erat
919 3811 1166 3885 potit'iis,
1195 3817 1256 3864 et
1282 3808 1538 3881 plurima
1562 3825 1693 3880 pars
1718 3808 2021 3880 copiarum
2044 3805 2241 3879 ipsius,

241 3899 386 3950 103.-
412 3892 665 3950 Mortuo
699 3889 964 3946 Phraorti
1007 3887 1288 3946 successit
1315 3889 1671 3957 crannus,
1702 3885 1995 3942 Phraortis
2024 3884 2197 3952 filius,
2226 3883 2365 3940 Dei-

153 3975 276 4030 ocis
301 3991 508 4052 nepos.
569 3972 688 4030 Hic
716 3966 928 4025 dicitur
955 3969 1142 4025 multo
1167 3961 1490 4036 majoribus
1518 3966 1638 4022 suis
1662 3965 1870 4022 fortior
1897 3963 2073 4018 fuisse
2096 3963 2111 4018 'z
2158 3970 2216 4022 et
2244 3962 2369 4035 pri<

151 4071 289 4109 mus
312 4052 372 4109 in
397 4050 540 4108 Asia
582 4049 940 4108 centuriavit
979 4047 1200 4104 milites
1225 4054 1284 4101 et
1321 4063 1424 4118 per
1449 4045 1719 4101 cohortes
1757 4040 2078 4106 distribuit,
2109 4041 2367 4114 primus<

153 4147 268 4204 que
285 4131 586 4188 ordinavit
601 4138 668 4185 ut
687 4127 930 4184 seorsim
957 4127 1018 4182 in
1045 4127 1171 4182 acie
1183 4132 1366 4184 staret
1383 4123 1843 4197 unumquodque
1866 4119 2124 4176 militum
2148 4137 2362 4195 genus,

150 4211 385 4281 hastati,
431 4209 748 4286 sagittarii,
791 4205 1016 4278 equites
1037 4231 1062 4276 ς
1110 4221 1291 4280 quum
1324 4203 1487 4277 prius
1532 4203 1734 4260 omnia
1771 4198 2102 4274 promiscue
2148 4200 2367 4274 pariter

780 4292 788 4298 ·
1242 4297 1276 4335 r
