2925 4992
1232 514 2052 603 HERODOTI

852 723 2472 833 HISTORIARUM

1208 981 1532 1063 LIBER
1591 980 2093 1050 TERTIUS.

1398 1196 1896 1281 THALIA.

1364 1430 1962 1473 *nu-—

549 1644 614 1695 1.·
641 1609 1096 1695 ADVERSUS
1135 1631 1296 1691 hunc
1322 1632 1508 1711 igitur
1531 1633 1772 1693 Amasin
1799 1632 2138 1711 Cambyses,
2175 1630 2314 1711 Cyri
2337 1632 2526 1700 filius,
2569 1650 2764 1709 quum

544 1717 693 1773 alios
738 1715 955 1790 quibus
1001 1710 1332 1784 imperavit,
1362 1722 1492 1771 tum
1519 1731 1554 1771 e
1579 1714 1801 1771 Graecis
1839 1714 2023 1770 lonas
2064 1720 2126 1769 et
2165 1712 2476 1769 AEolenses
2513 1712 2768 1780 ducens,

543 1794 768 1851 bellum
795 1792 985 1849 movit
1006 1791 1117 1845 hac
1144 1789 1215 1847 de
1243 1809 1470 1849 caussa.
1549 1791 1736 1861 Misso
1763 1792 1824 1847 in
1851 1790 2179 1867 AEgyptum
2207 1791 2408 1866 legato
2435 1792 2768 1865 Cambyses

544 1869 731 1931 filiam
758 1868 1047 1927 Amasidis
1090 1869 1335 1941 petierat
1374 1886 1666 1927 uxorem:
1707 1870 1956 1945 petierat
2003 1876 2201 1927 autem
2227 1887 2305 1925 ex
2345 1868 2610 1944 AEgyptii
2655 1888 2770 1925 eu-

538 1946 779 2023 jusdam
820 1946 1085 2013 consiliu,
1126 1948 1229 2020 qui
1270 1948 1330 2004 id
1370 1949 1429 2003 ei
1466 1956 1727 2005 suaserat
1765 1948 2032 2006 infensus
2073 1948 2356 2013 Amasidi,
2383 1949 2540 2021 quod
2581 1964 2648 2003 se
2695 1966 2772 2004 ex

544 2028 801 2095 eunctis,
829 2027 935 2102 qni
962 2026 1023 2081 in
1052 2024 1321 2101 AEgypto
1346 2034 1534 2092 erant,
1561 2028 1802 2083 medicis
1821 2027 2130 2103 selegisset
2157 2044 2336 2101 quem
2374 2027 2450 2082 ab
2491 2043 2680 2082 uxore
2705 2033 2772 2082 et

545 2106 745 2163 liberis
794 2106 1153 2162 abstractum
1207 2106 1548 2162 amandaret
1597 2106 1660 2161 in
1708 2106 1934 2171 Persas,
1979 2122 2166 2180 quum
2209 2106 2395 2178 Cyrus
2441 2104 2520 2161 ab
2561 2104 2772 2161 Amasi

546 2185 857 2243 oculorum
885 2182 1181 2240 medicum
1204 2185 1470 2257 petiisset
1497 2183 1598 2258 qui
1625 2191 1778 2242 esset
1805 2183 1867 2241 in
1898 2182 2158 2260 AEgypto
2185 2183 2462 2275 optimus.
2543 2181 2638 2239 Eo
2667 2184 2769 2239 in·

546 2264 757 2321 sensus
784 2261 1067 2329 Amasidi,
1094 2261 1480 2338 instigaverat
1508 2262 1840 2339 Cambysen
1863 2270 1932 2318 ut
1959 2263 2142 2319 filiam
2163 2262 2325 2319 ilhus
2346 2267 2610 2335 peteret3
2643 2280 2770 2337 quo

546 2342 649 2400 ille
674 2350 779 2399 aut
802 2358 1054 2399 moerore
1080 2340 1425 2399 adficeretur
1451 2341 1589 2397 data
1615 2340 1762 2410 filia,
1785 2349 1890 2398 aut
1929 2358 2053 2397 non
2095 2340 2232 2397 data
2261 2340 2463 2397 odium
2491 2340 2766 2397 incurre-

544 2428 636 2479 ret
679 2420 1003 2495 Cambysis.
1099 2420 1351 2497 Amasis,
1398 2420 1710 2477 Pen‘sarum
1763 2420 2092 2495 potentiam
2135 2419 2393 2493 graviter
2442 2417 2646 2476 ferens
2691 2420 2770 2475 ti-

546 2516 857 2574 mensque,
884 2506 945 2555 et
972 2499 1109 2554 dare
1136 2497 1297 2553 illem
1326 2505 1388 2555 et
1410 2515 1626 2573 negare
1655 2499 1894 2573 perinde
1921 2497 2330 2566 dubitaveram
2371 2498 2593 2571 quippe
2619 2496 2774 2555 bene

548 2596 791 2655 gnarus,
819 2595 939 2633 non
967 2575 1251 2649 legitimae
1277 2577 1500 2644 uxoris,
1519 2576 1620 2633 sed
1645 2577 1866 2651 pellicis
1891 2576 2045 2643 locu,
2064 2575 2404 2634 habiturum
2429 2593 2562 2633 eam
2582 2578 2769 2631 Cam-

546 2656 751 2730 bysen.
830 2654 981 2712 Haee
1006 2670 1207 2710 seeum
1226 2662 1525 2729 reputem,
1547 2655 1762 2712 hancce
1785 2655 1998 2711 inierat
2025 2654 2332 2713 rationem.
2405 2653 2545 2709 Erat
2569 2654 2770 2729 Apriae

547 2734 695 2801 filia,
724 2732 1039 2808 superioris
1068 2732 1245 2809 regis„
1273 2734 1590 2789 admodum
1617 2742 1678 2791 et
1693 2734 1932 2811 grandis
1959 2740 2022 2789 et
2044 2729 2326 2799 formosa,
2351 2732 2480 2789 sola
2505 2750 2581 2789 ex
2605 2733 2776 2808 regia

548 2814 729 2871 domo
770 2818 1099 2887 superstes3
1144 2812 1241 2867 cui
1282 2818 1407 2885 erat}
1450 2830 1670 2885 nomen
1716 2813 1954 2871 Nitetis.
2051 2811 2228 2868 Hane
2271 2808 2454 2887 igitur
2499 2812 2773 2884 puellam

548 2892 806 2959 Amasis,
832 2898 995 2947 veste
1022 2896 1083 2945 et
1109 2907 1255 2947 auro
1280 2902 1643 2958 exornatam,
1677 2892 1738 2949 in
1766 2891 1968 2949 Persas
1995 2890 2236 2947 miserat
2262 2897 2566 2963 tamquam
2595 2908 2773 2947 suam

552 2971 757 3029 filiam.
858 2963 1177 3039 Interjecto
1236 2976 1502 3044 tempore
1554 2988 1744 3045 quum
1795 2988 1928 3027 eam
1985 2970 2381 3043 complectens
2446 2968 2774 3043 Cambyses

458 3101 463 3105 .
531 3050 719 3127 filiam
742 3048 1033 3106 Amasidis
1070 3047 1399 3115 salutasset,
1424 3048 1660 3106 dixerat
1681 3050 1738 3105 ei
1764 3049 1997 3123 puella:
2043 3053 2085 3079 ‘⁶
2116 3044 2344 3113 Nescis,
2371 3044 2526 3113 Rex,
2555 3047 2773 3137 deeep-

506 3170 517 3177 -
555 3136 603 3162 “
629 3135 759 3186 tum
787 3135 847 3184 te
887 3145 1013 3185 esse
1054 3126 1131 3183 ab
1168 3127 1390 3195 Amasi,
1423 3129 1526 3203 qui
1555 3146 1652 3185 me
1681 3129 1794 3184 hoc
1835 3128 2004 3185 cultu
2045 3134 2310 3183 ornatam
2355 3125 2428 3181 ad
2475 3133 2536 3183 te
2583 3127 2774 3193 misit,

554 3213 597 3241 “
623 3206 847 3281 tibique
896 3212 1203 3279 tamquam
1244 3204 1425 3261 filiam
1471 3206 1630 3263 dedit
1671 3223 1842 3263 suam
1865 3231 1882 3276 ;
1943 3223 2127 3279 quum
2173 3221 2373 3261 revera
2420 3202 2534 3261 sim
2575 3204 2776 3279 Apriae

556 3292 603 3319 ‘⁶'
630 3293 835 3363 gnata,
884 3300 1063 3357 quem
1100 3282 1219 3349 ille,
1262 3282 1569 3340 dominum
1620 3301 1820 3351 suum,
1863 3284 2155 3340 concitata
2199 3282 2627 3358 AEgyptiorum
2675 3301 2774 3341 se-

554 3371 599 3397 “
628 3364 873 3429 ditione,
902 3360 1252 3418 interfecit.'’
1336 3360 1474 3417 Hoc
1497 3361 1744 3419 verbum
1791 3370 1850 3419 et
1887 3364 2012 3419 haee
2053 3362 2322 3419 incidens
2346 3378 2558 3427 caussa
2587 3362 2774 3419 Cam-

554 3442 763 3517 bysen,
808 3440 945 3514 Cyri
998 3438 1209 3507 filium,
1258 3440 1496 3514 impulit
1535 3446 1606 3497 ut
1647 3442 1982 3499 vehementi
2035 3441 2124 3497 ira
2173 3440 2440 3497 incensus
2489 3439 2776 3498 adversus

555 3520 890 3597 AEgyptum
920 3518 1175 3575 duceret.
1254 3518 1351 3574 Ita
1376 3519 1616 3593 quidem
1644 3519 1834 3577 Persae
1860 3536 1986 3576 rem
2013 3527 2273 3576 narrant.

632 3603 695 3657 2.
734 3594 1001 3673 AEgyptii
1040 3614 1180 3653 vero
1220 3597 1333 3654 sibi
1372 3598 1672 3655 vindicant
1699 3598 2046 3672 Cambysen,
2075 3598 2334 3654 dicentes
2375 3613 2505 3653 esse
2527 3614 2672 3655 eum
2701 3616 2777 3655 ex

554 3680 669 3737 hae
694 3676 887 3750 Apriae
912 3676 1032 3742 filia
1053 3681 1299 3732 natum:
1344 3676 1566 3750 Cyrum
1593 3677 1754 3733 enim
1793 3676 1998 3743 fuisse,
2027 3694 2148 3732 non
2179 3674 2534 3748 Cambysen,
2563 3679 2670 3750 qui
2701 3677 2775 3735 ad

556 3756 803 3816 Amasin
842 3755 1113 3821 misisset,
1142 3748 1387 3828 ejusque
1412 3755 1598 3812 filiam
1627 3755 1902 3829 petiisset.
1983 3757 2060 3811 At
2099 3756 2213 3811 hoe
2251 3754 2494 3829 quidem
2535 3772 2656 3811 non
2702 3772 2778 3813 ex

556 3838 643 3895 rei
670 3834 913 3893 veritate
938 3833 1160 3889 dicunt.
1240 3830 1437 3889 Immo
1462 3852 1604 3891 vero
1633 3851 1706 3889 ne
1733 3835 1890 3908 ipsos
1909 3834 2148 3908 quidem
2173 3832 2340 3902 latet,
2369 3835 2535 3907 (nam
2564 3833 2776 3891 Persa-

556 3934 693 3973 rum
718 3912 1015 3978 instituta,
1041 3911 1091 3967 si
1117 3910 1220 3986 qui
1246 3908 1365 3978 alii,
1385 3912 1538 3969 bene
1567 3922 1788 3969 norunt
1805 3910 2105 3987 AEgyptii)
2128 3912 2412 3985 primum,
2429 3928 2504 3969 ex
2528 3912 2776 3971 illorum

556 3989 793 4069 legibus
820 3990 1013 4047 filium
1052 4006 1129 4047 ex
1174 3989 1381 4062 pellice
1420 4002 1631 4050 natum
1677 4008 1800 4047 non
1841 3989 2145 4049 succedere
2187 3989 2249 4047 in
2275 4004 2528 4063 regnum
2533 4030 2554 4059 ,
2583 3991 2636 4049 si
2663 3992 2776 4049 ad·

556 4071 735 4129 fuerit
758 4069 1061 4146 legitimus
1080 4092 1098 4139 3
1142 4066 1370 4136 deinde,
1394 4086 1469 4125 ex
1490 4069 1888 4139 Cassandana,
1909 4066 2268 4143 Pharnaspis
2287 4068 2433 4136 filia,
2458 4068 2532 4125 de
2555 4070 2771 4127 Aebae·

554 4148 868 4210 menidam
898 4148 1105 4223 stirpe,
1126 4153 1339 4207 natum
1366 4164 1494 4209 esse
1519 4146 1878 4225 Cambysen,
1905 4165 2028 4207 non
2065 4166 2142 4207 ex
2177 4146 2282 4205 ills
2305 4144 2626 4225 AEgyptia:
2667 4147 2772 4207 sed
