2925 4992
542 258 673 371 ios
710 262 717 271 ’
1123 301 1628 366 ΗΕιιοιιοΤι
1661 302 2063 365 -ιιιετοιι,
2109 304 2192 364 ιι.

554 466 813 527 multum
860 464 1143 540 temporis
1182 463 1470 521 eaedendis
1509 462 1821 537 lapidibus,
1856 461 2194 535 eisdemque
2233 460 2663 536 promovendis,
2693 468 2750 521 'et

557 547 735 603 fossae
763 544 1151 601 subterraneae
1172 542 1570 599 conficiendae.

572 650 585 661 ·
643 627 799 679 126.·
817 622 907 677 Eo
932 629 1131 677 autem
1166 620 1379 695 flagitii
1420 621 1766 693 processisse
1795 622 2098 695 Cheopem
2137 619 2434 688 dixerunt,
2463 628 2552 690 ut,
2572 640 2750 696 quum

558 702 827 778 pecuniis
854 698 1163 775 indigeret,
1190 700 1373 755 filiam
1400 701 1578 754 etiam
1608 716 1777 755 suam
1801 702 1862 756 in
1889 698 2158 793 lupanari
2174 695 2414 769 jusserit
2439 702 2749 767 considere,

560 789 622 839 et
652 779 915 855 pecuniae
942 794 1233 835 summam
1262 785 1544 850 quantam
1585 785 1786 851 posset
1824 780 2143 833 maximam
2169 776 2475 834 conficere.
2555 780 2748 839 Quan-

558 869 689 917 tum
715 859 817 924 sit,
844 858 1003 930 quod
1042 856 1147 915 illa
1177 858 1289 912 hoc
1327 856 1532 911 modo
1525 856 1875 929 collegerit,
1903 872 2022 911 non
2065 862 2461 923 memoratur:
2513 858 2611 930 sed
2648 859 2751 913 hoc

560 942 914 1001 memorant,
944 934 1249 1010 collegisse
1288 934 1453 989 illam
1491 950 1612 989 non
1656 934 1834 989 modo
1875 936 2214 1015 pecuniam
2222 953 2257 990 a
2305 944 2470 1007 patre
2512 938 2748 1007 impera-

560 1024 729 1086 tam3
774 1030 981 1079 verum
1006 1014 1205 1077 etiam,
1234 1029 1418 1085 quum
1444 1028 1554 1067 suo
1582 1012 1822 1069 nomine
1845 1000 2118 1086 privatim
2145 1022 2381 1103 cuperet
2411 1032 2748 1069 monumen-

560 1102 694 1151 tum
724 1092 1073 1165 relinquere,
1102 1092 1177 1147 ab
1202 1106 1557 1164 unoquoque
1585 1092 1688 1164 qui
1727 1092 1828 1145 ad
1823 1108 1970 1146 eam
2005 1092 2299 1146 intrasset
2321 1092 2662 1163 postulasse,
2689 1098 2749 1147 ut

560 1188 753 1229 unum
778 1170 1054 1242 lapidem,
1074 1170 1149 1225 ad
1174 1184 1321 1241 opus
1344 1168 1700 1224 faciendum
1711 1168 2006 1233 ido-neum,
2031 1170 2141 1224 sibi
2169 1170 2498 1225 conferret.
2527 1188 2600 1225 ex
2619 1171 2746 1226 illis-

558 1267 677 1324 que
702 1248 1018 1321 lapidibus,
1048 1248 1343 1312 dixerunt,
1372 1254 1730 1303 exstructam
1757 1264 1884 1302 esse
1920 1248 2282 1333 pyramidem
2309 1266 2470 1321 quae
2484 1249 2545 1304 in
2574 1248 2750 1304 medio

562 1335 681 1386 stat
708 1328 908 1391 trium,
936 1328 1075 1383 ante
1096 1342 1376 1399 magnam
1404 1325 1804 1397 pyramidem,
1849 1321 2017 1397 cujus
2043 1325 2336 1434 quodque
2345 1327 2516 1383 latus
2526 1335 2610 1405 est
2633 1328 2748 1416 lon-

502 1430 506 1435 ·
562 1406 835 1483 gitudine
862 1405 1077 1479 pedum
1108 1411 1349 1459 centum
1376 1411 1435 1458 et
1462 1405 1922 1483 quinquaginta.
2197 1442 2204 1446 -

572 1524 579 1531 -
651 1488 779 1546 127.
820 1484 1120 1555 Cheopem
1146 1478 1301 1537 hunc
1328 1480 1531 1538 dixere
1556 1476 1838 1556 AEgyptii
1861 1499 2134 1567 regnasse
2159 1492 2340 1541 annos
2367 1484 2748 1559 quinquagin-

566 1570 665 1631 ta3
706 1563 880 1635 eique
904 1562 1189 1617 defuncto
1224 1561 1570 1616 successisse
1595 1562 1654 1616 in
1687 1578 1940 1636 regnum
1963 1554 2202 1617 fratrem
2229 1558 2354 1633 eJus
2370 1564 2748 1637 Chephrenem.

564 1642 745 1699 Hunc
772 1658 956 1714 quum
986 1642 1048 1695 in
1072 1637 1201 1695 aliis
1228 1637 1397 1693 rebus
1426 1638 1632 1693 eodeni
1660 1639 1928 1696 instituto
1945 1656 2118 1695 usum
2151 1656 2276 1697 esse
2300 1648 2476 1716 atque
2501 1642 2746 1706 fratrem,

566 1729 697 1777 tum
722 1721 901 1775 etiam
930 1716 1289 1793 pyramidem
1316 1718 1684 1773 exstruxisse.
1763 1718 1873 1778 Et
1883 1719 2008 1773 haec
2039 1719 2272 1791 quide‘m
2315 1721 2573 1811 pyramis
2595 1726 2747 1775 men-

564 1815 768 1857 suram
796 1798 1003 1869 prioris
1031 1797 1189 1851 illius
1219 1812 1337 1849 non
1362 1804 1668 1869 exaequat3
1721 1800 1888 1867 (nam
1931 1804 2232 1853 mensuras
2267 1800 2449 1855 etiam
2491 1814 2596 1855 nos
2615 1796 2744 1853 'exe-

496 1945 501 1949 ‘
566 1878 769 1951 gimus
790 1874 835 1945 ε)
868 1892 977 1931 nec
1002 1889 1261 1939 cameras
1288 1868 1465 1929 habet
1487 1874 1913 1939 subterraneas,
1937 1892 2042 1931 nec
2067 1873 2228 1945 fossa
2251 1892 2324 1933 ex
2334 1876 2494 1933 Nilo
2511 1866 2750 1933 derivata

568 1956 631 2012 in
672 1954 829 2009 hanc
866 1952 1093 2008 inferne
1130 1950 1349 2016 influit,
1375 1952 1528 2006 sicut
1567 1951 1642 2006 in
1673 1952 1859 2018 illam,
1887 1952 1948 2008 in
1989 1964 2106 2025 qua
2139 1953 2316 2009 Nilus
2357 1972 2466 2027 per
2505 1954 2748 2011 canalem

567 2032 831 2091 murario
868 2048 1043 2103 opere
1088 2038 1493 2093 constructum
1531 2030 1782 2085 insulam
1825 2024 2182 2097 σίιριιιιιῐιιὶι,
2213 2033 2274 2087 in
2313 2048 2438 2109 qua
2477 2034 2747 2107 sepultum

570 2112 871 2183 Cheopem
910 2109 1093 2166 aiunt
1130 2106 1487 2163 Exstruxit
1525 2116 1725 2165 autem
1765 2110 1937 2189 hanc,
1967 2114 2218 2184 'magnae
2243 2112 2559 2185 pyramidi
2572 2111 2748 2185 proxi-

567 2206 756 2254 mam,
798 2186 1217 2260 quadraginta
1236 2185 1484 2258 pedibus
1527 2186 1630 2242 illa
1673 2180 1995 2243 minoi-emi
2045 2189 2267 2261 primus
2318 2190 2582 2265 lapidum
2621 2188 2748 2264 ordo

566 2267 915 2341 AEthiopico
936 2264 1129 2339 lapide
1154 2264 1455 2339 vai-iegato
1485 2266 1872 2322 substa-uetus.
1943 2267 2152 2323 Ambae
2177 2282 2354 2341 super
2377 2268 2583 2324 eodem
2610 2273 2748 2323 stant

568 2347 743 2413 clive,
774 2352 1011 2401 centum
1039 2342 1161 2399 fere
1190 2342 1408 2429 pedes
1392 2361 1455 2398 ιιι
1483 2344 1857 2401 altitudinem
1883 2345 2198 2401 eminente.
2237 2346 2548 2421 Regnasse
2571 2354 2748 2403 autem

511 2475 518 2479 .
570 2420 981 2499 chephrene'm
1006 2420 1175 2477 aiunt
1202 2420 1387 2477 an'nos
1414 2438 1518 2477 sex
1541 2428 1604 2479 'et
1627 2418 2079 2497 quinquaginta.

577 2520 589 2554 .-
655 2508 788 2559 128.
828 2500 958 2557 Hos
996 2507 1237 2573 centum
1281 2506 1341 2555 et
1382 2517 1487 2555 sex
1524 2517 1706 2557 annos
1749 2510 2062 2557 numerant
2088 2502 2383 2577 AEgyptii,
2417 2504 2624 2579 quibus
2659 2518 2750 2576 per

569 2583 905 2657 AEgyptum
930 2594 1105 2637 omne
1133 2593 1323 2651 genus
1361 2578 1656 2636 malorum
1691 2578 2033 2652 invaluerit,
2057 2583 2370 2655 clausaque
2411 2585 2626 2659 templa
2659 2596 2752 2657 per

571 2668 810 2719 tantum
838 2655 1119 2730 temporis
1146 2656 1403 2728 spatium
1432 2672 1554 2712 non
1595 2652 1816 2713 fuerint
1855 2668 2071 2731 aperta.
2149 2656 2523 2735 Istorumque
2561 2674 2746 2735 regum

572 2738 711 2796 odio
750 2755 821 2793 ne
868 2740 1091 2791 nomen
1130 2734 1367 2819 quidem
1416 2750 1742 2791 memorare
1759 2735 2026 2807 volunt3
2071 2733 2174 2793 sed
2219 2741 2563 2817 pyramides
2589 2741 2748 2795 etiam

572 2818 703 2873 illas
742 2821 955 2871 vocant
972 2810 1211 2885 pastoris
1230 2811 1542 2912 PhilitidiS,
1571 2814 1674 2887 qui
1699 2830 1802 2887 per
1824 2814 1883 2893 id
1905 2821 2140 2937 tempus
2166 2817 2227 2873 in
2255 2817 2382 2911 illis
2397 2810 2540 2875 locis
2563 2834 2750 2918 pecora

574 2912 685 2952 sua
748 2893 903 2950 avit:

658 2912 789 3030 139.
831 2972 971 3030 Post
1012 2970 1215 3027 hunc
1199 2988 1476 3046 regnasse
1497 2974 1558 3029 in
1587 2972 1855 3053 AEgypto
1891 2928 2164 3030 dicebant
2193 2975 2556 3049 mesanum,
2577 2974 2749 3032 cheo-

574 3054 679 3131 pis
696 3052 947 3109 filium..
983 3049 1145 3105 Huic
1182 3052 1389 3123 patris
1399 3046 1763 3139 displicuisse
1805 3052 1999 3111 facta.
2041 3054 2241 3132 itaque
2281 3062 2341 3111 et
2368 3055 2610 3131 templa
2629 3068 2748 3109 eum

574 3131 894 3206 aperuisse,
919 3134 979 3184 et
1002 3126 1243 3202 popule,
1246 3128 1536 3186 extremis
1563 3130 1734 3185 malis
1757 3138 1988 3197 vexato,
2013 3124 2346 3209 indulsisse,
2371 3142 2446 3191 ut
2463 3134 2588 3189 suis
2611 3131 2750 3205 quis·

576 3227 688 3284 que
730 3208 989 3283 negotiis
1016 3216 1073 3261 et
1108 3207 1285 3263 sacris
1310 3212 1551 3281 operam
1577 3204 1778 3264 ‹lamt-
1799 3204 2028 3293 jusque
2065 3202 2256 3266 etiam
2286 3212 2410 3267 illis
2445 3206 2748 3292 aequissime

577 3306 788 3362 regum
814 3286 1083 3343 omnium
1110 3284 1344 3340 dixisse.
1423 3285 1556 3341 Hac
1583 3287 1820 3359 quidem
1845 3303 1920 3343 ex
1945 3296 2110 3361 parte
2137 3290 2388 3345 summis
2417 3298 2554 3346 e‘um
2576 3286 2746 3345 laudi-

574 3367 691 3424 bus
713 3382 891 3437 supra
910 3379 1139 3429 omnes,
1154 3369 1445 3448 quotquot
1464 3363 1715 3438 AEgypti
1739 3377 1906 3443 reges
1922 3384 2218 3461 umquam
2231 3362 2426 3434 fuere,
2447 3368 2746 3425 extollunt:

577 3462 713 3503 nam
735 3452 805 3499 et
828 3441 1085 3514 alioquin
1108 3458 1183 3497 ex
1201 3440 1377 3514 aequd
1410 3439 1704 3513 Judicasse
1743 3458 1994 3511 caussas,
2023 3452 2105 3511 et,
2123 3446 2200 3501 si
2191 3446 2338 3519 quis
2377 3447 2451 3503 de
2491 3443 2752 3503 sententia

578 3524 655 3580 ab
678 3522 783 3578 illo
810 3521 932 3577 lata
954 3526 1109 3575 esset
1146 3531 1520 3593 conquestus,
1532 3523 1617 3577 ei
1647 3523 1738 3579 de
1729 3540 1900 3579 suo--
1911 3521 2132 3580 donare
2173 3522 2438 3591 solitum,
2467 3542 2584 3599 quo
2620 3524 2748 3578 iram

577 3600 739 3659 illius
766 3598 1086 3673 mitigaret.
1164 3598 1261 3655 lta
1298 3618 1482 3673 quum
1523 3601 1704 3658 mitis
1723 3600 1838 3657 adt
1841 3611 2016 3659 ersus
2041 3598 2202 3661 cives
2237 3612 2393 3659 esset
2411 3600 2748 3678 MyoerinuS,

578 3681 917 3751 talibusque
966 3684 1229 3733 uteretur
1278 3678 1598 3735 institutis·
1581 3722 1598 3750 ‚
1660 3674 1910 3753 primam
1955 3681 2010 3737 ei
2055 3681 2448 3739 calamitatem
2501 3680 2750 3737 accidisse

578 3768 847 3817 mortem
836 3755 1018 3822 filiae,
1039 3770 1225 3829 quam
1252 3758 1486 3813 unicam
1515 3759 1677 3815 domi
1716 3759 1978 3821 sobolem
2019 3756 2312 3818 habebat.
2370 3760 2507 3821 Qua
2531 3754 2748 3815 calami·

579 3847 702 3895 tate
743 3836 1122 3892 vehementer
1160 3836 1483 3901 adflictum,
1511 3854 1710 3909 quum
1731 3838 1932 3894 vellet
1947 3834 2350 3895 excellentiori
2389 3838 2638 3929 quadam
2669 3852 2750 3890 ra·

534 3964 539 3974 .
578 3917 739 3977 tione
768 3912 1023 3987 sepelire
1061 3912 1162 3967 fil
1132 3928 1267 3977 mm
1296 3914 1756 3973 conficiendam
1769 3912 2030 3973 curasse
2025 3914 2284 3973 :bovem
2295 3918 2577 4001 ligneam,
2607 3916 2752 3971 intus

580 4008 813 4131 saxam,
836 3992 1227 4053 extrinsecus·
1240 3993 1597 4108 inauratam,
1623 3994 1690 4051 in
1713 4009 1900 4123 eaque
1923 3994 2280 4111 defunctam
2300 3994 2452 4107 hanc
2474 3993 2648 4056 filiam
2673 4006 2752 4048 se-

578 4090 655 4151 pe
678 4088 867 4131 ivisse.
