2925 4992
1028 314 1644 377 MELPOMENE.
2275 320 2390 379 19⁵

196 476 243 533 si
264 492 335 533 ex
360 476 471 535 hac
492 476 613 534 fuit
648 473 901 543 familia,
926 474 1075 534 sciat
1116 494 1153 533 a
1190 475 1371 533 fratre
1412 494 1478 535 se
1519 494 1646 535 esse
1693 475 2086 535 interfectum.
2165 474 2380 535 ludan-

196 554 419 628 ιδῃ-ωε
442 556 607 613 enim
630 556 795 613 filius
822 556 937 613 fuit
962 554 1169 621 Saulii,
1198 555 1433 612 Saulius
1458 564 1658 613 autem
1683 554 1974 613 interfecit
1997 556 2380 613 Anacharsin.
2471 596 2482 605 ·

264 639 357 697 ¹77.
392 637 768 708 Quamquam
812 634 995 691 alium
1029 634 1215 689 etiam
1254 651 1588 691 sermonem
1629 634 1852 709 audivi,
1881 650 2058 707 quem
2083 634 2376 707 Pelopon·-

196 714 327 768 nesii
354 721 613 779 narrant,
640 714 919 779 dicentes,
948 732 985 768 a
1010 730 1147 788 rege
1170 710 1516 786 Scytharum
1537 714 1786 771 missum
1807 712 2186 779 Anacharsin,
2207 714 2376 771 Gre-

192 790 287 846 ciae
310 790 661 865 discipulum
686 791 905 849 fuisse:
952 808 1225 865 eumque,
1250 799 1560 865 postquam
1609 792 1856 849 domum
1895 789 2050 848 es'set
2085 808 2374 865 reversus,

190 868 391 925 dixisse
414 872 469 927 ei
495 871 597 943 qui
628 871 793 927 illum
820 871 1081 935 miserat,
1117 870 1329 925 Grecos
1354 873 1624 927 universos
1649 874 1706 927 in
1731 872 1878 925 omni
1896 886 2093 942 genere
2113 872 2371 943 scientia·

193 964 301 1003 rum
324 951 631 1021 artiumque
653 952 931 1023 occupari,
950 950 1183 1021 exceptis
1208 948 1628 1005 Lacedaemoniis
1645 971 1668 1005 .·
1707 949 1804 1005 hos
1827 967 1954 1005 vero
1975 948 2243 1021 tolosakoc
2269 948 2372 1005 ha·

194 1026 319 1090 bere,
338 1029 581 1098 prudens
598 1028 877 1082 consilium
904 1034 958 1082 et
983 1028 1117 1082 dare
1136 1044 1309 1099 posse,
1328 1034 1381 1103 et
1396 1030 1650 1101 accipere.
1687 1028 1768 1085 At
1793 1028 1916 1085 haec
1939 1028 2142 1085 fabula
2157 1036 2378 1083 temere

190 1104 255 1159 ab
278 1105 412 1177 ipsis
440 1106 667 1163 Graecis
692 1122 799 1179 per
824 1104 1029 1161 ludum
1068 1113 1351 1161 narratur.
1432 1106 1550 1163 Hic
1575 1106 1764 1182 igitur
1803 1106 1894 1162 vir
1939 1124 2032 1171 eo,
2061 1124 2182 1180 quo
2207 1099 2372 1173 dixi,

186 1183 347 1239 modo
374 1185 582 1255 periit:
632 1184 809 1259 idque
832 1183 889 1239 ei
906 1184 1117 1240 accidit
1138 1190 1375 1258 propter
1400 1192 1676 1241 externos
1723 1185 1870 1243 ritus
1907 1193 1968 1242 et
2005 1184 2370 1241 Graecanicas

187 1264 637 1320 consuetudines.

252 1344 342 1397 ⁷8.
381 1342 595 1398 Multis
622 1349 822 1399 autern
862 1338 1185 1397 admodum
1225 1337 1546 1411 interjectis
1588 1340 1762 1397 annis
1805 1340 2026 1415 Scylas,
2059 1340 2371 1414 Ariapithis

184 1416 547 1487 filius,‚si1nili
592 1437 737 1476 usus
776 1428 865 1475 est
902 1420 1043 1475 fato.
1124 1419 1476 1493 Ariapithes,
1505 1421 1852 1493 Scytharum
1885 1439 1984 1476 rex
2009 1436 2195 1494 quum
2221 1419 2370 1477 alios

183 1496 443 1554 habuerat
468 1498 651 1566 filios,
682 1507 811 1555 tum
836 1494 1065 1573 Scylam
1090 1518 1107 1565 3
1154 1506 1361 1553 natum
1388 1515 1460 1554 ex
1487 1499 1736 1555 muliere
1774 1516 1891 1554 non
1924 1500 2236 1572 indigena,
2265 1498 2368 1557 sed

183 1574 436 1643 istriam,
466 1595 607 1651 quae
646 1594 787 1633 eum
826 1577 959 1649 ipsa
984 1576 1189 1631 Graeco
1216 1592 1488 1631 sermone
1515 1575 1848 1649 Graecisque
1872 1578 2056 1633 literis
2097 1575 2366 1633 erudivit.

185 1652 455 1727 Tempore
482 1650 820 1725 interjecto,
844 1652 1175 1727 Ariapithes
1204 1671 1307 1727 per
1334 1652 1538 1710 dolum
1565 1656 1850 1710 occiditur
1889 1672 1924 1710 a
1965 1652 2369 1729 Spargapithe,

180 1730 631 1809 Agathyrsorum
656 1750 816 1809 nege,
842 1740 903 1789 et
930 1733 1129 1807 Scylas
1156 1732 1217 1787 in
1246 1748 1492 1807 regnum
1521 1735 1834 1804 successit3
1881 1742 1942 1790 et
1980 1750 2224 1789 uxorem
2253 1748 2362 1805 pa·⁶

180 1811 296 1878 πίε,
318 1814 413 1868 cui
452 1814 655 1887 Opoea
694 1828 929 1877 nomen,
956 1811 1341 1866 matrimonio
1378 1809 1490 1866 sibi
1522 1808 1748 1879 junxit.
1832 1811 1966 1868 Fuit
2004 1821 2198 1868 autem
2243 1810 2370 1867 haec

182 1886 349 1963 Opoea
370 1892 519 1947 civis
546 1891 843 1963 Scythica,
872 1908 947 1946 ex
990 1906 1175 1964 eaque
1216 1898 1389 1945 natus
1433 1889 1720 1963 Ariapithi
1765 1899 1890 1946 erat
1937 1890 2092 1946 filius
2137 1889 2370 1948 Oriens.

180 1964 441 2043 Regnum
480 1971 673 2046 igitur
714 1970 1067 2044 Scytharum
1110 1966 1357 2041 adeptus
1392 1963 1611 2041 Scylas,
1655 1968 1795 2025 vitoe
1835 1971 2063 2025 ratione
2103 1965 2372 2041 Scythica

181 2049 505 2122 neutiquam
533 2046 963 2113 delectabatur,
1002 2046 1104 2101 sed
1146 2043 1217 2101 ad
1259 2046 1536 2103 instituta
1559 2048 1752 2121 magis
1779 2048 2096 2103 inclinabat
2124 2046 2366 2103 Graeco-

179 2140 317 2193 rum,
346 2135 591 2201 propter
622 2126 989 2198 disciplinam
1018 2142 1136 2199 qua
1160 2133 1283 2179 erat
1308 2124 1632 2181 institutus
1720 2123 1924 2199 Itaque
1963 2127 2071 2183 tali
2110 2143 2250 2181 usus
2277 2132 2369 2183 est

180 2206 410 2261 ratione„
464 2204 729 2267 Quando
758 2205 1104 2277 Scytharum
1133 2204 1451 2259 exercitum
1481 2204 1553 2259 ad
1579 2205 2124 2275 Borysthenitai-um
2151 2204 2360 2261 urbem

176 2280 435 2351 ducebam
458 2283 927 2359 (Borysthenitae
974 2284 1037 2339 hi
1084 2290 1282 2338 autem
1324 2298 1449 2337 sese
1487 2281 1759 2338 dicebant
1800 2300 1928 2338 esse
1967 2280 2258 2347 Milesios)
2287 2282 2364 2339 ad

178 2358 271 2415 hos
294 2362 476 2437 igitur
502 2364 739 2435 quoties
764 2362 1043 2417 veniebat
1060 2357 1277 2434 Scylas,
1300 2357 1644 2417 exercituin
1673 2361 1960 2416 suburbio
1985 2362 2210 2425 relicto,
2237 2360 2365 2433 ipse

177 2439 361 2497 urbem
386 2442 723 2514 ingressus,
750 2441 961 2496 clausis
994 2441 1197 2513 portis,
1224 2438 1489 2511 deposito
1531 2436 1804 2512 Scythico
1847 2439 2034 2505 cultu,
2063 2438 2363 2495 Graecani-

176 2534 297 2573 cum
322 2520 611 2577 induebat
636 2519 1075 2575 vestimentum.
1141 2517 1275 2573 Hoc
1298 2516 1540 2580 indutus
1567 2517 1628 2573 in
1651 2516 1784 2573 foro
1803 2518 2169 2581 versabatur,
2196 2516 2364 2573 nullo

176 2597 409 2654 satellite
454 2598 752 2671 nulloque
804 2597 919 2653 alio
970 2596 1253 2651 comitatu
1308 2596 1594 2667 stipatus:
1638 2602 1822 2668 portae
1871 2604 2071 2653 autem
2125 2594 2366 2655 interim

178 2676 661 2741 custodiebantur,
692 2694 763 2732 ne
784 2676 919 2749 quis
946 2674 1161 2747 Scytha
1186 2690 1323 2729 eum
1344 2674 1706 2746 conspiceret
1731 2674 1844 2731 hoc
1871 2674 2034 2731 cultu
2060 2680 2324 2731 utentem
2340 2690 2364 2728 z

177 2759 289 2808 tum
318 2772 462 2811 vero
502 2762 573 2810 et
614 2750 897 2827 reliquam
938 2753 1291 2825 sequebatur
1330 2752 1470 2807 vitae
1515 2753 1804 2809 rationem
1852 2752 2276 2816 Graecanicam,
2300 2758 2366 2825 et

176 2828 273 2886 diis
296 2850 455 2889 moze
483 2834 835 2889 Gtaeeorum
860 2848 1024 2889 sacra
1050 2829 1320 2887 facieba-t.
1402 2825 1498 2885 Sic
1525 2830 1606 2885 ibi
1635 2848 1740 2903 per
1766 2848 2026 2887 mensem
2053 2838 2156 2886 aut
2181 2830 2363 2889 etiam

177 2912 407 2984 amplius
435 2908 735 2974 morawa,
768 2910 1039 2984 Scythica
1064 2910 1279 2965 iterum
1304 2914 1500 2963 sumta
1539 2917 1702 2964 veste
1743 2909 2090 2966 discedebat.
2167 2912 2364 2981 Atque

176 2986 275 3043 hoc
290 2992 511 3063 saepius
542 2988 819 3055 faciebat,
846 2997 907 3045 et
928 2987 1085 3045 aedes
1124 2987 1236 3043 sibi
1270 2986 1452 3041 etiam
1479 2986 1540 3041 in
1564 2987 1994 3060 Borysthenide
2020 2985 2162 3043 urbe
2187 3003 2358 3041 cura-

174 3074 319 3124 verat
366 3067 779 3134 exstruendas,
827 3081 887 3124 et
934 3082 1181 3123 uxorem
1226 3064 1574 3139 indigenam
1625 3065 1814 3131 duxit,
1857 3083 1990 3138 quae
2036 3064 2188 3121 aedes
2231 3064 2364 3121 illas

174 3142 477 3205 habitabat.

242 3228 331 3282 ¹79.
368 3227 585 3288 Quum
613 3231 811 3281 autem
840 3231 991 3280 esset
1014 3222 1237 3279 idfatis
1261 3229 1329 3279 ut
1353 3223 1508 3279 male
1533 3221 1590 3277 ei
1617 3238 1706 3277 res
1731 3221 1982 3287 cederet,
2011 3220 2220 3285 accidit
2247 3220 2360 3279 hoc

176 3302 269 3359 tali
292 3322 365 3360 ex
384 3304 719 3362 occasione.
796 3302 1065 3377 Dionysii
1087 3298 1327 3358 Bacchii
1348 3306 1516 3358 sacris
1541 3301 1842 3373 cupiverat
1857 3302 2071 3357 initiari
2087 3324 2107 3355 .·
2147 3318 2362 3373 quum-

174 3394 277 3451 que
292 3378 419 3452 jam
442 3386 509 3439 in
545 3400 615 3438 eo
646 3388 801 3438 esset
828 3390 893 3437 ut
918 3381 1086 3437 initia
1122 3376 1177 3436 ei
1220 3380 1602 3445 trade-rentur,
1631 3379 1954 3435 maximum
1995 3377 2194 3435 incidit
2221 3397 2359 3451 pro.-

172 3456 401 3535 (fig'ium.
504 3460 699 3517 Emnt
740 3460 797 3515 ci
840 3460 901 3515 in
942 3459 1087 3515 urbe
1127 3459 1674 3531 Borysthenitai-um
1718 3458 2048 3531 magnificae
2095 3467 2154 3514 et
2193 3466 2361 3517 vasto

174 3538 403 3597 circium
448 3539 629 3603 aedcs,
676 3556 927 3611 quarum
974 3538 1151 3595 etiam
1172 3536 1373 3608 ·paulo
1420 3543 1558 3593 ante
1608 3536 1722 3591 feci
1769 3537 2164 3607 mentionem,
2209 3537 2364 3593 circa

174 3631 305 3688 quas
324 3619 708 3675 circumcirca
728 3617 1009 3691 sphinges
1050 3622 1111 3671 et
1156 3631 1367 3689 grypes
1396 3614 1630 3671 stabant
1653 3631 1728 3669 ex
1753 3615 2000 3671 candido
2030 3632 2355 3671 marmore:

174 3689 229 3749 iu
253 3696 353 3753 has
378 3698 535 3753 aedes
558 3697 705 3751 deus
732 3696 919 3751 telum
938 3692 1231 3765 jaculatus
1272 3702 1379 3757 est,
1410 3700 1472 3748 et
1495 3700 1637 3749 totoe
1663 3693 1804 3766 igne
1829 3707 2150 3749 consumtae
2177 3698 2353 3756 sunt-2¹

174 3767 353 3847 Scylas
374 3792 521 3832 vero
540 3774 731 3829 nihilo
768 3774 965 3831 minus
1004 3778 1315 3847 propterea
1350 3770 1746 3827 initiationem
1787 3772 2056 3827 absolvit.
2136 3770 2360 3825 Probro

175 3860 357 3910 autem
376 3855 605 3910 Groecis
632 3858 875 3909 vertunt
900 3853 1131 3927 Scythae
1156 3850 1478 3907 bacchandi
1503 3850 1684 3922 ritum
1711 3874 1726 3915 ;
1773 3851 2078 3922 aiuntque,
2107 3865 2214 3903 mm
2253 3865 2362 3905 esse

175 3932 363 3989 rationi
414 3938 845 3996 cousentaneum,
896 3930 1061 3987 talem
1107 3931 1335 4001 reperiri
1382 3930 1560 3993 deum,
1597 3930 1690 3999 qui
1735 3926 1970 3983 homines
2015 3930 2074 3983 in
2103 3924 2360 3999 furorem

178 4016 312 4078 agat.
386 4011 683 4068 Absoluta
721 4009 1075 4074 initiatione,
1120 4007 1659 4079 Borysthenitai-um
1707 4006 1916 4078 aliquis
1965 4002 2188 4078 Scythis
2231 4019 2359 4065 rem

176 4084 433 4155 effutivit,
462 4090 701 4145 dicens:
764 4087 943 4143 “Vos
972 4086 1143 4143 nobis
1168 4086 1443 4151 irridetis,
1487 4084 1736 4159 Scythae,
1771 4082 1926 4157 quod
1971 4083 2363 4141 Bacchanalia

180 4169 218 4210 -“
244 4182 509 4242 agamus,
544 4168 820 4242 quodque
866 4166 1031 4223 Deus
1072 4182 1183 4223 nos
1228 4164 1545 4238 corripiat:
1604 4176 1768 4223 nuuc
1793 4162 1906 4219 hic
1944 4160 2110 4227 Deus
2159 4178 2364 4241 regem

1156 4294 1167 4301 .
1208 4246 1249 4301 2
1279 4260 1313 4299 c
1342 4246 1381 4302 2
