2925 4992
980 312 1495 389 POLYMNIA.
2240 316 2359 379 31¹5

243 474 328 527 44.
366 468 624 545 Abydum
643 479 957 565 postquam
981 480 1394 547 pervenerunt,
1422 472 1615 531 voluit
1641 472 1723 529 ibi
1748 472 1975 531 Xerxes
2002 472 2345 533 universum

180 548 342 605 oculis
367 549 600 607 lustrare
627 552 963 608 exercitum.
1045 550 1126 608 Et
1151 551 1223 608 de
1250 551 1536 608 industria
1566 552 1692 608 ibi
1676 571 1735 608 m
1764 552 1993 609 tumulo
2022 562 2347 640 praeparata

176 627 221 685 ei
253 640 364 684 erat
401 629 558 687 sedes
597 630 870 689 sublimis
898 648 972 687 ex
995 630 1250 687 candido
1278 649 1607 703 marmore3
1652 649 1829 705 quam
1872 630 2136 705 Abydeni
2164 627 2343 702 jussu

178 708 304 782 regis
327 710 476 782 prius
516 719 939 767 exstruxerant.
1017 709 1107 768 Ibi
1139 709 1326 785 igitur
1367 711 1597 777 sedens,
1624 721 1687 766 et
1712 712 1986 769 deorsum
2016 712 2341 767 secundum

175 803 312 841 oram
364 789 735 862 prospiciens,
783 789 1222 863 contemplatus
1273 796 1361 845 est
1414 798 1476 846 et
1526 790 1855 863 pedestrem
1908 789 2229 847 exercitum
2284 800 2343 846 et

175 882 358 921 naves:
427 885 568 941 quas
619 870 762 925 dum
811 868 1263 943 contemplatur,
1313 869 1549 926 incessit
1592 886 1729 925 eum
1780 870 1995 943 cupido
2043 874 2343 930 oertamen

172 944 351 1000 navale
383 948 724 1019 spectandi„
773 948 948 1011 Quod
996 946 1101 1003 ubi
1143 947 1196 1003 ei
1237 946 1462 1005 editum
1514 956 1603 1005 est
1651 948 2073 1021 spectaculum,
2118 949 2182 1003 in
2224 965 2343 1022 quo

171 1023 330 1079 vicere
353 1024 652 1083 Pboenices
681 1024 928 1093 Sidonii,
958 1026 1190 1083 laetatus
1217 1033 1306 1082 est
1334 1035 1396 1082 et
1417 1027 1739 1085 certamine
1766 1036 1826 1083 et
1854 1028 2129 1084 exercitu.
2236 1069 2243 1080 .

232 1107 317 1159 45.
355 1105 732 1179 conspiciens
779 1114 982 1163 autem
1027 1105 1368 1161 universum
1425 1104 1879 1179 Hellespontum
1922 1106 2171 1161 navibus
2220 1106 2343 1165 suis

170 1192 496 1255 coopertum,
542 1194 604 1239 et
655 1203 818 1241 oram
863 1201 1101 1241 omnem
1147 1190 1207 1239 et
1255 1201 1497 1257 campos
1543 1184 1955 1259 Abydenorum
2006 1183 2347 1253 hominibus

168 1262 409 1333 repletoS,
455 1262 692 1321 beatum
747 1281 808 1319 se
852 1262 1078 1319 Xerxes
1131 1263 1505 1338 praedicavit:
1578 1262 1733 1321 haud
1784 1264 1977 1331 multo
2026 1273 2161 1337 post
2206 1282 2342 1333 vero

167 1338 418 1411 lacrymas
447 1339 618 1399 fudit.

230 1423 313 1475 46.
354 1420 528 1481 Quod
555 1420 658 1477 ubi
693 1420 1105 1479 animadvertit
1140 1420 1495 1487 Artabanus,
1524 1422 1847 1479 avunculus
1876 1418 2022 1492 eju3‚
2052 1421 2153 1494 qui
2183 1421 2343 1494 prius

162 1494 316 1555 libere
339 1498 557 1558 dixerat
603 1500 970 1565 sententiam,
1001 1499 1379 1572 hortatusque
1401 1518 1539 1556 eum
1566 1509 1691 1556 erat
1719 1518 1791 1557 ne
1818 1500 2296 1573 expeditionem
2280 1517 2344 1555 m

166 1575 424 1635 Graeciam
440 1578 798 1653 susciperet3
831 1580 926 1635 hic
945 1581 1128 1654 igitur
1143 1580 1231 1634 vir
1238 1580 1685 1672 ,lacrymantem
1708 1580 2043 1654 intelligens
2056 1578 2341 1645 Xerxem,

161 1652 238 1711 his
263 1658 440 1714 verbis
467 1674 604 1715 eum
634 1666 723 1715 est
749 1658 1101 1717 adlocutus:
1152 1659 1334 1719 Qu
1323 1676 1418 1713 xm
1444 1658 1625 1731 longe
1654 1658 1805 1714 inter
1832 1674 1893 1713 se
1918 1658 2015 1713 dis
2018 1674 2166 1726 ersa,
2184 1657 2340 1723 Rex,

164 1734 394 1793 “fecisti
423 1755 588 1793 nunc
614 1744 675 1793 et
715 1736 891 1838 paulo
937 1737 1109 1793 ante!
1157 1736 1334 1791 modo
1383 1738 1621 1805 beatum
1665 1746 1723 1793 te
1766 1737 2137 1811 praedicasti3
2182 1753 2342 1795 nune

163 1814 470 1875 “lacrimas
492 1816 750 1872 fundisl’
793 1816 903 1873 Cui
934 1816 1122 1872 ille2‘
1130 1815 1371 1870 ‘Subiit
1391 1832 1673 1889 namque
1666 1834 1761 1873 me
1781 1817 2105 1874 humanam
2122 1824 2343 1875 sortem

182 1895 488 1961 ‘miserari,
541 1902 912 1967 reputantem
957 1911 1134 1969 quam
1176 1893 1369 1950 brevis
1415 1895 1493 1949 sit
1536 1893 1820 1951 ,universa
1872 1894 2129 1951 hominis
2171 1895 2335 1963 vitas

161 1974 684 2050 “quandoquidem
727 1974 962 2040 horum,
1009 1982 1096 2029 tot
1147 1990 1392 2043 numero
1447 1973 1787 2041 hominum,
1838 1974 2039 2035 nullus
2090 1974 2151 2031 in
2198 1990 2342 2031 cen-

161 2054 480 2112 “tesimum
532 2070 764 2109 annum
819 2044 1233 2126 superfuturus
1261 2054 1404 2109 estl’
1486 2051 1811 2125 Reponens
1838 2052 2173 2121 Artabanus
2220 2053 2342 2111 ait<

161 2131 195 2156 “
215 2130 337 2187 Alia
359 2134 472 2189 hoc
512 2134 695 2189 etiam
727 2132 1140 2188 miserabiliora
1188 2130 1402 2189 nobis
1389 2149 1446 2186 ιιι
1480 2131 1619 2187 vitae
1658 2149 1833 2189 cursu
1860 2132 2151 2190 accidunt.
2228 2132 2343 2191 Et-

162 2212 194 2236 “
217 2211 358 2266 enim
408 2228 588 2268 nemo
631 2211 957 2277 hominum,
989 2216 1100 2266 nec
1141 2227 1214 2264 ex
1239 2211 1454 2265 horum
1494 2227 1759 2277 numere,
1805 2229 1909 2269 nec
1952 2229 2027 2267 ex
2067 2210 2342 2275 aliorum,

160 2290 192 2314 “
218 2287 290 2344 ita
311 2289 450 2347 felix
475 2298 654 2349 natus
685 2296 794 2356 est,
832 2292 928 2346 cui
970 2290 1032 2345 in
1061 2296 1186 2345 tam
1226 2287 1388 2344 brevi
1433 2288 1557 2344 vita
1598 2306 1721 2345 non
1765 2307 1879 2357 usu
1920 2296 2237 2351 venturum
2268 2288 2347 2345 sit

161 2371 195 2396 “
217 2366 568 2436 idemtidem,
600 2369 814 2425 nedum
843 2366 1048 2433 semel,
1069 2374 1135 2424 ut
1159 2367 1312 2423 mori
1339 2368 1505 2423 malit
1533 2382 1711 2445 quam
1736 2368 1959 2426 vivere.
2010 2367 2346 2426 Inoidentes

161 2452 194 2479 “
219 2444 364 2505 enim
406 2450 800 2515 calamitates,
842 2455 902 2505 et
943 2444 1135 2531 morbi
1185 2461 1294 2501 nos
1341 2434 1771 2519 perturbantes,
1819 2446 2049 2506 faciunt
2087 2454 2158 2503 ut
2202 2447 2347 2510 vita,

162 2527 196 2557 “
220 2528 590 2603 quantumvis
629 2490 821 2585 brevis
871 2519 971 2593 sit,
1019 2525 1326 2601 praelonga
1359 2524 1528 2581 nobis
1569 2524 1851 2583 videatur.
1931 2522 2138 2599 Itaque
2164 2542 2344 2593 mors,

158 2609 192 2636 “
217 2607 437 2677 quando
465 2606 722 2665 molesta
743 2613 830 2662 est
841 2605 988 2671 vita,
1007 2604 1446 2681 optatissimum
1463 2602 1767 2679 refugium
1794 2604 1865 2663 fit
1890 2600 2154 2683 homini:
2198 2605 2346 2663 deus

159 2690 196 2713 ‘¹
223 2702 369 2752 vero,
393 2693 714 2761 postquam
745 2672 976 2741 dulcem
1008 2682 1180 2741 nobis
1204 2683 1568 2760 gustandam
1620 2682 1783 2743 dedit
1822 2684 2027 2759 vitam,
2056 2682 2203 2757 dnm
2243 2684 2347 2743 illa

159 2770 196 2794 “
223 2762 484 2829 fruimur,
513 2764 752 2823 invidus
779 2780 906 2819 esse
931 2763 1276 2837 reperiturss’

221 2844 309 2899 47.
345 2842 678 2919 Respondit
716 2842 980 2900 Xerxes·
1027 2839 1418 2907 “,Artabane
1459 2849 1548 2899 est
1586 2843 1743 2905 vitae-
1770 2841 2051 2911 humanae
2080 2842 2346 2909 conditio

157 2922 194 2951 “
218 2922 359 2989 talis,
385 2923 625 3001 qualem
651 2930 717 2977 tu
742 2920 1081 2997 significas·
1121 2919 1222 2977 sed
1267 2920 1613 2990 omittamus
1660 2937 1814 2981 nunc
1859 2920 1932 2977 de
1974 2922 2082 2977 hac
2124 2938 2187 2977 re
2226 2920 2347 2979 dis·

151 3006 189 3035 ·“
215 3019 410 3071 serere,
439 3019 634 3079 neque
682 3001 975 3057 malornm
1003 2998 1469 3066 meminerimus,
1500 3016 1685 3073 quum
1726 3000 1895 3067 laetas
1940 3016 2029 3055 res
2072 3016 2191 3071 prae
2220 3017 2347 3057 ma

158 3080 378 3138 “nibus
405 3070 774 3151 habeamus!
861 3078 976 3137 Dic
1002 3077 1154 3134 mihi
1177 3093 1325 3135 vero
1365 3077 1497 3133 hoc.
1575 3076 1710 3133 Nisi
1754 3085 2043 3136 nocturna
2067 3077 2169 3135 illa
2195 3080 2347 3136 visio

155 3160 319 3221 “tibi
367 3162 452 3231 ita
483 3158 808 3218 manifesta
850 3158 1236 3232 adparuisset,
1263 3156 1603 3231 pristinam·
1610 3174 1686 3213 ne
1712 3163 1935 3223 teneres
1961 3158 2342 3225 sententiam,

157 3242 194 3269 “
216 3223 642 3311 hortarerisque
689 3255 806 3303 me,
851 3254 929 3293 ne
983 3233 1228 3293 Graeciae
1275 3234 1527 3294 inferam
1566 3224 1817 3307 bellum,
1861 3252 1939 3303 an
1994 3235 2347 3301 deseruisses

154 3322 191 3346 “
211 3316 402 3377 ‚istam
407 3318 770 3381 sententiam
798 3319 819 3372 ἓ
901 3317 1196 3390 Agedum,
1225 3324 1424 3389 aperte
1450 3315 1565 3374 hoc
1592 3315 1737 3371 mihi
1760 3314 2017 3374 dicito!”
2098 3316 2181 3373 Et
2204 3316 2342 3376 illei

153 3400 190 3424 “
213 3394 395 3463 Rex,·”
427 3398 712 3471 inquit,“
744 3393 893 3452 visio
920 3394 1042 3461 illa,
1070 3412 1199 3469 quae
1224 3394 1372 3453 mihi
1390 3410 1495 3470 per
1519 3393 1885 3461 insomnium
1903 3393 2191 3467 adparuit,
2206 3412 2348 3456 eum

153 3479 192 3503 “
214 3473 418 3537 habeat
472 3477 724 3543 exitum,
777 3488 954 3549 quem
1007 3481 1253 3546 uterque
1303 3483 1573 3533 nostrum
1614 3472 1939 3565 cupimus!
2022 3472 2158 3550 Ego
2211 3492 2351 3535 vero

152 3559 187 3583 “
209 3572 382 3629 usque
410 3556 608 3613 adhuc
653 3553 882 3615 timoris
923 3551 1134 3626 plenus
1177 3570 1335 3620 sum,
1365 3572 1473 3611 nec
1520 3550 1658 3612 satis
1698 3552 1814 3609 mei
1864 3568 2129 3626 compos,
2162 3570 2347 3627 quum

151 3638 187 3662 “
214 3634 322 3694 alia
361 3635 558 3693 multa
598 3641 896 3709 reputans,
929 3641 1064 3689 tum
1107 3630 1254 3689 duas
1301 3650 1392 3689 res
1415 3630 1701 3689 maximas
1730 3630 1927 3690 videns
1954 3632 2065 3697 tibi
2088 3633 2349 3695 maxime

152 3716 188 3741 “
209 3714 586 3773 contrarias-’²

215 3793 307 3849 48.
347 3794 508 3853 Τιιιιι
527 3790 824 3858 Xerxesf
828 3790 1032 3847 ‘Ovir
1046 3787 1366 3861 mirifice!”
1389 3788 1675 3864 inquit,“
1694 3806 1965 3882 quaepam
1983 3789 2247 3850 haeeduo
2260 3790 2347 3849 nis

150 3874 184 3898 “
207 3872 352 3931 mihi
367 3872 640 3933 maxime
666 3869 996 3933 contraria?
1083 3870 1302 3927 Utrum
1332 3868 1693 3942 pedestrium
1718 3867 2021 3959 copiarum
2046 3885 2173 3930 non
2204 3867 2346 3929 natis

150 3954 187 3978 “
172 3951 320 4007 ‘tibi
367 3951 562 4029 placet
611 3965 914 4015 numerus,
965 3948 1388 4021 existimesque
1441 3946 1717 4013 Graeeum
1764 3947 2092 4039 exercitum
2140 3956 2349 4011 nostro

150 4032 184 4057 “
172 4028 386 4107 ‘longe
413 4030 544 4087 fore
569 4028 996 4105 copiosiorem
981 4030 1001 4070 ὓ
1033 4044 1106 4083 an
1155 4027 1393 4095 navales
1420 4034 1649 4095 nostras
1674 4027 1874 4099 copias
1900 4026 2085 4100 oapi-is
2112 4024 2345 4091 illorum

145 4110 180 4137 “
204 4106 324 4167 fore
354 4108 701 4171 inferiores?
743 4124 820 4165 an
841 4114 1156 4181 utrumque
1182 4106 1439 4173 horum?
1523 4106 1705 4171 Nam,
1732 4106 1782 4163 si
1808 4106 1921 4171 hac
1946 4113 2111 4181 parte
2134 4124 2347 4221 parurn
