2925 4992
619 329 739 387 ³³6
1191 320 1707 385 HERODOTI·
1746 318 2110 387 luston.
2150 320 2288 381 v11.

617 494 738 551 tur,
765 484 1012 543 veniunt
1047 482 1124 541 ad
1149 480 1509 557 Hydarnem.
1590 480 1651 538 Is
1691 482 2001 555 Hydarnes
2040 494 2263 557 genere·
2279 478 2457 537 Persa
2490 486 2619 549 erat,
2641 498 2765 555 prae-

615 567 808 623 fectus
835 582 953 620 orae
979 563 1288 619 maritimae
1311 562 1466 618 Asiae
1492 586 1519 632 3-
1551 561 1651 635 qui
1678 578 1781 619 eos
1826 562 1901 617 ad
1930 561 2255 634 hospitium
2301 570 2551 629 vocatos,
2574 569 2629 618 et
2646 562 2769 618 libe-

613 641 816 701 raliter
841 638 1132 717 eieeptoa
1160 640 1252 697 his
1277 640 1471 697 verbis
1498 641 1921 715 interrogavit:
1985 647 2039 699 “.
2056 640 2183 695 Viri
2210 637 2637 705 Lacedaemonii,
2656 638 2771 712 quid

615 730 664 757 “
689 721 934 784 tandem
960 720 1230 795 respuitis
1257 718 1434 775 amici
1472 736 1599 775 esse
1620 719 1851 793 Regis?
1914 717 2017 774 Me
2040 725 2103 773 et
2125 734 2217 775 res
2244 732 2403 773 meas
2428 717 2770 791 respicientes,

618 808 666 835 “
691 800 904 857 videtis
937 816 1056 873 quo
1099 805 1278 872 pacto
1313 796 1461 853 sciat
1502 796 1635 853 Rex
1676 800 1835 853 viros
1868 796 2073 853 bonos
2114 796 2421 851 honorare.
2500 797 2585 853 lta
2622 797 2773 871 igitur

617 887 662 913 “
691 896 796 935 vos
821 895 1054 953 quoque
1081 878 1128 935 si
1161 874 1315 951 Regi
1355 890 1462 931 vos
1498 876 1822 941 traderetis,
1850 892 1995 949 quos
2026 874 2127 931 ille
2164 874 2327 929 viros
2366 874 2545 931 bonos
2562 872 2770 945 judicat,

616 966 663 991 “
691 954 1094 1031 unusquisque
1141 963 1402 1011 vestrum
1451 954 1605 1027 parti
1650 954 1885 1011 cuidam
1938 954 2183 1011 Graecias
2235 954 2619 1025 imperaturus
2652 964 2775 1009 esset

615 1044 662 1071 “
687 1034 874 1110 Regis
895 1034 1229 1091 beneficio.”
1294 1032 1383 1090 Ad
1413 1034 1537 1089 hoec
1560 1032 1649 1088 illi
1669 1032 2127 1107 respondet-unta
2171 1036 2213 1063 “
2242 1030 2569 1105 Hydarnes,
2597 1049 2697 1087 non
2718 1050 2774 1087 ex

616 1122 666 1149 “
696 1131 864 1189 aequo
907 1112 1290 1187 proficiscitur
1327 1110 1442 1167 hoc
1482 1111 1637 1185 quod
1680 1119 1750 1167 tu
1790 1112 1959 1169 nobis
1990 1111 2095 1166 das
2134 1107 2469 1167 consilium.
2544 1110 2684 1167 Nam
2706 1110 2771 1175 id,

617 1200 662 1227 “
694 1193 850 1267 quod
877 1200 940 1248 tu
967 1200 1240 1264 expertus
1280 1206 1364 1255 es,
1397 1190 1571 1246 nobis
1608 1191 1901 1247 consulis:
1945 1190 2196 1247 alterum
2242 1198 2440 1245 autem
2484 1206 2593 1245 non
2620 1206 2673 1245 es
2694 1206 2773 1245 ex·

617 1278 661 1305 “
689 1280 904 1347 pertus.
989 1270 1214 1327 Servire
1255 1268 1491 1343 quidem
1544 1269 1740 1338 nosti;
1799 1268 2089 1327 libertatis
2124 1283 2263 1323 vero
2304 1266 2566 1323 nondum
2606 1267 2773 1341 cepisti

615 1358 663 1387 “
692 1351 1175 1423 experimentum,
1221 1355 1424 1403 utrum
1468 1347 1657 1403 dulcis
1700 1336 1797 1413 stt,
1826 1364 1937 1404 nee
1980 1364 2071 1403 ne.
2152 1344 2329 1403 Hanc
2366 1347 2525 1403 enim
2568 1344 2615 1401 si
2646 1362 2772 1403 esses

611 1436 656 1464 “
684 1437 986 1503 expertus,
1011 1427 1341 1485 consuleres
1396 1428 1586 1491 nobis,
1627 1433 1695 1482 ut
1735 1442 1843 1498 pro
1882 1444 1953 1482 ea
1992 1442 2111 1481 non
2144 1424 2321 1484 hastis
2360 1425 2539 1481 modo
2576 1442 2771 1499 pugna-

611 1514 654 1541 “
682 1525 902 1578 remus,
955 1523 1160 1579 verum
1213 1505 1393 1563 etiam
1435 1505 1791 1561 securibus.”
1874 1504 2025 1563 Haec
2074 1504 2164 1561 illi
2217 1504 2629 1577 responderunt
2670 1503 2773 1577 Hy·

615 1586 801 1643 darni.
2478 1612 2485 1617 ·
2589 1639 2595 1642 ,
2738 1611 2743 1617 ·

695 1668 828 1723 1:36.
867 1662 1016 1721 Inde
1041 1664 1144 1721 ubi
1170 1662 1317 1721 Susa
1344 1662 1792 1728 adscenderunt,
1820 1668 1879 1719 et
1904 1662 1963 1719 in
1994 1670 2378 1737 conspectum
2406 1679 2613 1724 venere
2632 1664 2771 1737 regis,

605 1744 868 1819 primum
897 1742 1155 1816 quidem,
1173 1739 1524 1813 jubentibus
1564 1740 1915 1797 satellitibus
1940 1749 2002 1799 et
2026 1742 2148 1799 vim
2184 1742 2299 1798 iuis
2324 1743 2701 1802 adferentibus
2720 1748 2774 1797 ut

609 1826 672 1881 in
701 1830 916 1879 terram
945 1824 1219 1895 prostrati
1251 1822 1561 1879 adorarent
1586 1837 1807 1894 regem,
1836 1824 2148 1892 neutiquam
2172 1838 2247 1885 se,
2276 1824 2447 1877 etiam
2482 1825 2531 1879 si
2568 1826 2622 1877 iu
2642 1826 2773 1893 eaput

609 1902 679 1959 ab
721 1901 832 1958 illis
873 1902 1312 1967 detruderentur,
1359 1902 1418 1957 id
1445 1898 1707 1973 facturos
1736 1899 2017 1967 ·aiebant;
2062 1918 2159 1955 nec
2198 1901 2339 1955 enim
2379 1904 2468 1957 sui
2506 1903 2657 1957 moris
2688 1916 2773 1955 esse

489 1998 498 2011 ·
607 1983 840 2037 adorare
867 1978 1151 2044 hominem,
1175 1998 1272 2035 nec
1297 1998 1362 2035 ea
1389 1996 1579 2034 caussa
1618 1979 1835 2033 venisse.
1914 1978 2099 2043 Tum,
2128 1986 2445 2051 postquam
2474 1998 2545 2037 ne
2568 1980 2625 2035 id
2644 1979 2771 2035 face-

607 2066 741 2117 rent
767 2058 850 2114 ita
877 2064 1300 2130 repugnarunt,
1331 2057 1539 2113 deinde
1580 2056 1705 2111 haec
1732 2064 1791 2113 et
1818 2056 1907 2112 his
1934 2057 2149 2113 similia
2176 2056 2375 2113 dixere
2398 2083 2415 2127 ;
2462 2066 2503 2091 “
2530 2060 2650 2115 Rex
2668 2057 2773 2113 Me-

607 2144 651 2170 “
675 2135 920 2194 dorum!
965 2134 1260 2193 Miserunt
1299 2152 1408 2193 nos
1451 2131 1901 2200 Lacedaemonii,
1928 2144 1999 2192 ut
2040 2153 2145 2208 pro
2184 2135 2549 2209 praeco‘uibus
2586 2137 2771 2211 Spartae

605 2221 648 2253 “
674 2214 882 2273 occisis
921 2228 1160 2287 poenam
1202 2214 1561 2271 solvamus.”
1661 2213 1894 2273 Quibus
1936 2214 2183 2279 Xerxes,
2228 2222 2297 2269 ut
2350 2225 2479 2271 erat
2528 2231 2774 2291 generosa

603 2295 831 2360 animo,
859 2292 1179 2367 respondit,
1227 2301 1272 2325 “
1299 2292 1438 2351 Non
1463 2310 1527 2348 se
1554 2292 1809 2353 similem
1836 2292 2108 2349 futurum
2134 2292 2627 2355 Lacedaemoniis:
2664 2294 2771 2349 illos

607 2382 653 2407 “
683 2374 868 2439 enim,
923 2372 1242 2429 occidendo
1299 2388 1621 2445 praecones,
1674 2366 1811 2440 jura
1875 2371 2213 2431 hominibus
2276 2374 2555 2431 omnibus
2606 2380 2773 2429 saneta

608 2459 651 2486 “
677 2452 964 2521 violasse3
1029 2468 1094 2507 se
1120 2468 1280 2517 vero,
1309 2451 1464 2523 quod
1498 2451 1557 2505 in
1588 2449 1705 2505 inis
1732 2450 1969 2506 damnet
1989 2450 2239 2516 facinuS,
2274 2451 2329 2507 id
2374 2470 2496 2509 non
2520 2453 2770 2512 admissu·

595 2538 650 2591 .“
679 2548 852 2600 rum;
901 2546 1090 2603 neque
1113 2529 1244 2587 illos
1271 2528 1533 2585 vicissim
1574 2528 1977 2585 interficiendo
2004 2528 2177 2604 culpa
2215 2529 2595 2589 liberaturum
2618 2531 2771 2588 Lace-

607 2617 654 2644 “
682 2610 968 2667 monios.”
1556 2642 1564 2651 ·
2046 2640 2071 2661 -.

683 2692 814 2752 137.
857 2687 969 2753 lta,
1017 2685 1244 2741 ratione
1281 2685 1394 2745 ista
1431 2704 1466 2741 a
1505 2684 1971 2743 Lacedaemoniis
2008 2687 2179 2753 inita,
2206 2696 2416 2761 pacata
2456 2690 2516 2745 in
2562 2704 2770 2763 praesens

599 2776 838 2840 tempus
861 2772 950 2821 est
974 2762 1274 2839 Talthybii
1301 2766 1409 2831 ira,
1436 2765 1573 2821 licet
1602 2764 1875 2839 Spartam
1901 2765 2176 2824 redierint
2212 2768 2517 2839 Sper-thius
2542 2780 2597 2825 et
2622 2768 2771 2825 Bulis.

597 2848 680 2904 At
701 2844 892 2901 multo
935 2850 1068 2915 post
1106 2849 1370 2917 tempore
1415 2844 1714 2901 recruduit
1756 2844 1878 2907 ilia,
1920 2854 1989 2901 ut
2035 2845 2205 2901 aiunt
2244 2844 2684 2913 Lacedaemonii,
2720 2847 2768 2901 in

597 2922 759 2982 bello
808 2922 1364 2995 Peloponnesiorum
1404 2930 1464 2979 et
1504 2923 1972 2979 Atheniensium.
2053 2925 2203 2985 Quoe
2246 2942 2363 2992 res,
2410 2927 2463 2983 si
2512 2944 2621 3001 qua
2658 2926 2768 2989 alia,

596 3000 802 3079 utique
828 3000 1106 3062 divinitus
1135 3002 1410 3069 accidisse
1449 3002 1600 3057 mihi
1622 3001 1869 3057 videtur.
1948 3000 2133 3070 Nam,
2163 3010 2233 3059 ut
2258 3004 2319 3059 in
2348 3004 2575 3080 legatos
2596 3006 2769 3079 ingru-

601 3094 724 3141 eret
751 3080 1051 3155 Talthybii
1093 3080 1199 3145 ira,
1241 3096 1428 3153 neque
1475 3087 1725 3137 cessaret
1774 3080 2111 3153 priusquam
2160 3083 2387 3139 exitum
2418 3093 2571 3142 esset
2608 3090 2767 3147 nacta,

2870 2310 2873 2475 Ι

2868 2640 2870 2768 ι

2866 2914 2869 3063 1

593 3161 658 3217 id
678 3156 778 3231 Jus
801 3167 862 3215 et
889 3159 979 3213 fas
1005 3158 1266 3216 ferebat:
1313 3158 1469 3233 quod
1512 3176 1649 3217 vero
1690 3159 1754 3215 in
1796 3158 1951 3215 filios
1990 3159 2278 3234 ingruerit
2309 3163 2519 3219 horum
2548 3164 2767 3218 virorum

595 3241 700 3314 qui
753 3237 1026 3311 pacandae
1070 3231 1198 3305 ejus
1245 3255 1450 3294 caussa
1494 3237 1567 3293 ad
1614 3255 1814 3313 regem
1864 3246 2031 3295 erant
2072 3239 2341 3311 profecti,
2388 3243 2449 3297 in
2490 3242 2767 3297 Nicolaum

593 3318 824 3375 Bulidis
863 3316 1073 3380 filium,
1118 3324 1179 3370 et
1223 3315 1284 3371 in
1340 3316 1625 3391 Sperthiae
1674 3317 1863 3373 filium
1908 3318 2274 3385 Aneristurn,
2320 3322 2423 3394 qui
2493 3322 2767 3393 piscatores

593 3394 933 3485 Tirynthios
955 3394 1130 3466 cepit,
1161 3396 1294 3451 navi
1321 3395 1591 3451 oneraria
1624 3396 1912 3469 navigans
1950 3396 2091 3453 viris
2137 3397 2357 3471 repleta
2374 3425 2392 3470 3
2440 3400 2501 3457 id
2526 3400 2769 3473 igiturex
2836 3394 2851 3411 ‘

593 3475 778 3533 divini
801 3472 1060 3530 numinis
1087 3473 1174 3528 ira
1197 3473 1473 3531 accidisse
1515 3474 1689 3547 plane
1729 3472 1878 3531 mihi
1904 3474 1973 3531 fit
2012 3476 2416 3535 manifestum.
2508 3478 2585 3535 Hi
2609 3478 2764 3541 enim,

591 3571 775 3629 quum
802 3570 838 3607 a
861 3550 1324 3610 Lacedaemoniis
1349 3554 1535 3628 legati
1558 3553 1723 3611 missi
1746 3560 1937 3611 essent
1960 3554 2020 3609 in
2044 3554 2265 3622 Asiam,
2291 3556 2509 3631 proditi
2534 3574 2569 3611 a
2590 3554 2767 3612 Sitalce-

590 3632 760 3691 Terei
791 3631 936 3696 filio,
965 3630 1263 3687 Thracum
1304 3649 1464 3706 rege,
1496 3639 1555 3687 et
1580 3631 2011 3707 Nymphodoro
2050 3634 2293 3707 Pytheae
2332 3636 2459 3693 filio
2498 3634 2765 3697 Abderita,

585 3710 903 3783 intercepti
948 3718 1084 3765 sunt
1127 3726 1306 3783 prope
1332 3710 1660 3767 Bisanthen
1699 3710 1773 3765 ad
1803 3710 2251 3785 Hellespontum
2273 3738 2291 3783 3
2335 3723 2397 3771 et
2430 3714 2504 3773 iu
2544 3711 2765 3771 Atticam

589 3787 850 3853 abducti,
872 3786 1161 3845 interfecti
1198 3796 1340 3845 sunt
1365 3790 1438 3845 ab
1462 3788 1943 3861 AtheniensibuS,
1972 3808 2110 3847 cum
2150 3793 2351 3867 eisque
2376 3794 2622 3852 Aristeas
2646 3791 2765 3848 Adi-

581 3869 778 3931 manti
809 3868 987 3932 filius,
1015 3866 1377 3924 Corinthius.
1459 3864 1567 3925 Sed
1610 3869 1721 3925 hoc
1760 3869 1999 3943 quidem
2040 3867 2241 3927 multis
2269 3872 2435 3929 annis
2474 3879 2608 3947 post
2640 3872 2765 3930 hanc

589 3949 748 4023 regis
775 3947 986 4003 accidit
1011 3945 1462 4017 expeditionem.

2864 3226 2866 3354 i

2862 3502 2865 3648 Ι

675 4028 804 4082 188.
846 4025 970 4081 San
999 4023 1072 4080 ad
1099 4026 1458 4099 superiorem
1486 4004 1741 4083 revertor
1760 4025 2173 4085 narrationem.
2254 4006 2591 4107 Regis'haec
2614 4043 2763 4100 expe·
2858 4054 2860 4083 ς

588 4104 740 4162 ditio
764 4103 1003 4162 titulum
1033 4103 1267 4175 quidem
1304 4104 1559 4161 habebat
1598 4113 1899 4181 tamquam
1942 4108 2217 4166 adversus
2243 4110 2499 4169 Athenas
2524 4108 2760 4170 tendens,

587 4182 690 4247 sed
717 4182 1300 4267 contratuniversam
1331 4182 1700 4262 dirigebatur
1742 4185 2069 4272 Graeciam..
2130 4189 2267 4253 Qua
2314 4208 2379 4255 re
2417 4189 2607 4253 multo
2644 4190 2761 4251 ante
