2925 4992
1082 318 1449 383 THALIA.
2256 328 2382 389 153,

164 490 200 519 “
222 481 281 540 in
306 496 561 540 numero
580 496 693 539 nos
730 494 969 554 quoqne
994 480 1213 537 erimus
1240 481 1369 555 ipsi.
1448 474 1831 557 optimorum
1871 491 2070 539 autem
2097 483 2357 541 virorum

166 568 205 595 “
230 570 684 619 consentaneum
710 568 803 616 est
822 562 1051 633 optima
1074 560 1255 617 etiam
1282 578 1409 617 esse
1436 562 1738 618 consilia.”
1821 562 1968 618 Haec
2003 571 2094 618 est
2121 570 2357 619 senten-

164 642 239 696 tia
264 660 297 696 a
320 640 661 715 Megabyzo
686 640 749 695 in
776 640 1039 695 medium
1066 638 1385 713 proposita.
2357 650 2368 659 ·

230 724 318 775 8⁴2.
358 719 565 775 Tertio
588 720 723 773 loco
746 718 963 773 Darius
990 716 1139 775 dixit
1162 721 1534 785 sentfflztiam,
1563 720 1654 775 his
1685 732 1822 775 usus
1845 717 2038 775 verbis
2063 741 2078 776 t
2125 722 2174 751 “
2199 718 2358 775 Mihi

164 803 199 829 “
222 816 371 863 vem,
400 815 541 877 quae
566 796 935 871 Megabyzus
956 797 1111 853 dixit
1150 798 1222 854 ad
1252 798 1702 855 multitudinem
1726 799 2078 871 spectantia,
2107 814 2178 854 ea
2205 806 2359 855 recte

162 882 201 907 “
224 878 435 933 dixisse-
472 876 747 946 videtui-3
793 891 927 949 quae
968 892 1107 931 vero
1144 876 1220 931 ad
1258 872 1641 953 ungui-chiam
1683 872 1976 951 spectant,
2021 892 2142 932 non
2183 885 2358 933 recte.

164 957 201 987 “
222 956 373 1013 Nam
400 957 455 1012 si
478 956 597 1011 tria
640 952 941 1028 proposita
968 956 1109 1023 sint,
1134 962 1197 1011 et
1234 957 1512 1032 quodque
1551 970 1775 1021 eorum,
1805 972 1940 1029 quae
1979 954 2128 1021 dico,
2157 956 2220 1013 in
2245 972 2361 1015 suo

154 1039 200 1069 “‘
222 1052 427 1109 genere
454 1035 784 1109 optimum,
810 1034 1075 1107 optimus
1097 1041 1287 1089 status
1312 1035 1637 1110 popularis,
1660 1036 1891 1108 optima
1927 1034 2272 1109 oligarchia,
2297 1041 2360 1091 et

157 1116 196 1143 “
218 1114 537 1169 monarcha
572 1114 831 1185 optimus
856 1136 872 1182 ;
918 1114 1131 1169 horum
1161 1114 1342 1172 trium
1372 1116 1484 1169 hoc
1521 1121 1884 1186 postremum
1913 1112 2150 1187 reliquis
2175 1114 2359 1189 longe

158 1192 649 1265 “praeferendum
692 1208 819 1247 esse
860 1200 1124 1247 autumo,
1206 1192 1447 1251 Etenim
1485 1194 1662 1249 unius
1689 1193 1801 1247 viri
1843 1193 2116 1265 imperio,
2145 1192 2252 1265 qui·
2276 1193 2356 1250 sit

154 1274 193 1303 “
218 1272 493 1343 optimae,
524 1270 675 1327 nihil
700 1271 965 1343 prosectu
992 1271 1201 1327 melius
1220 1280 1397 1345 queat
1421 1272 1690 1345 reperiri:
1719 1271 1950 1344 optimo
1965 1272 2186 1345 quippe
2207 1286 2357 1327 con-

154 1352 195 1381 ¹‘
218 1351 341 1406 silio
376 1359 581 1416 utem,
620 1348 953 1423 inculpatus
992 1350 1435 1406 administrabit
1472 1368 1564 1407 res
1605 1350 2020 1415 multitudinis,
2049 1358 2108 1405 et
2149 1366 2219 1405 ea
2259 1367 2353 1405 ra-

156 1426 371 1485 “tione
396 1428 657 1485 consilia
674 1428 955 1501 adversus
982 1429 1144 1493 male·
1160 1430 1457 1485 animatos
1483 1436 1673 1503 capta,
1693 1430 1872 1484 tacita
1891 1430 2150 1485 maxime
2175 1427 2362 1499 habe-4

158 1510 193 1537 “
217 1508 442 1566 buntur.
529 1508 607 1563 In
650 1506 975 1581 oligarchia
1002 1524 1164 1574 vero,
1193 1525 1377 1581 quum
1420 1507 1618 1581 plures
1645 1508 1768 1563 sint
1794 1506 2069 1565 virtutem
2097 1508 2160 1562 in
2191 1524 2356 1563 com·

158 1590 193 1617 “
219 1604 395 1643 mune
442 1594 807 1651 exercentes,
847 1582 1069 1642 validae'
1108 1588 1385 1660 privatim
1426 1582 1753 1641 inimicitiae
1791 1586 2068 1642 exsistere
2109 1584 2311 1641 amant
2335 1608 2354 1643 ε

155 1667 193 1695 “
214 1666 451 1733 etenim,
480 1666 632 1722 dnm
658 1664 907 1738 quisque
930 1666 1093 1738 cupit
1120 1682 1248 1722 esse
1287 1666 1578 1738 princeps,
1605 1664 1850 1738 vultque
1891 1670 1958 1720 ut
1985 1680 2092 1720 sna
2117 1670 2356 1722 senten-

160 1747 193 1773 “
218 1744 294 1799 tia
318 1746 539 1811 vincat,
566 1744 633 1799 in
664 1760 909 1818 magnas
934 1742 1211 1804 incidunt
1236 1744 1606 1799 inimicitiasz
1649 1752 1778 1799 tum
1805 1760 1876 1799 ex
1905 1744 2228 1801 inimicitiis
2255 1750 2357 1799 ex·

156 1825 191 1851 “
214 1822 391 1879 istunt
430 1822 785 1887 seditiones,
808 1838 884 1877 cx
923 1819 1313 1879 seditionibus
1340 1821 1547 1889 caedes,
1575 1828 1637 1877 et
1662 1840 1735 1879 ex
1761 1822 2020 1879 caedibus
2061 1822 2133 1877 ad
2173 1822 2358 1879 unius

156 1898 191 1931 ‘'‘
214 1900 523 1977 impe-rhun
554 1916 647 1957 res
676 1902 825 1957 redit
843 1916 866 1955 :-
903 1910 1080 1976 atque
1104 1899 1191 1959 ita
1216 1902 1480 1975 adparet,
1511 1908 1738 1975 quanto
1763 1902 1842 1956 sit
1869 1901 1966 1957 hic
1991 1908 2180 1957 status
2221 1918 2353 1958 me-

158 1983 194 2010 “
215 1980 331 2037 lior.
409 1981 675 2045 Rursus,
702 1979 1031 2054 imperante
1060 1980 1251 2055 plebe,
1276 1980 1406 2037 fieri
1436 1996 1558 2035 non
1601 1988 1796 2053 potest
1823 1982 1962 2054 quin
2009 1980 2264 2054 pravitas
2292 1996 2356 2037 se

158 2056 455 2117 “insinuet
482 2083 498 2116 z
546 2059 851 2133 pravitate
880 2074 1021 2118 vero
1062 2062 1124 2115 in
1168 2058 1470 2134 republica
1507 2059 1816 2133 gliscente,
1857 2056 2184 2116 inimicitia·
2223 2059 2356 2133 qui..

156 2141 195 2169 “
216 2138 339 2196 dem
379 2140 551 2196 inter-
586 2152 797 2211 pravos
836 2150 961 2193 non
1004 2139 1290 2204 existunt,
1320 2138 1419 2194 sed
1462 2132 1674 2193 validae
1712 2138 2024 2193 amicitiae:
2065 2156 2224 2204 nam,
2253 2138 2356 2212 qui

158 2219 197 2247 “
219 2217 295 2272 rei
334 2219 606 2292 publica
642 2216 797 2276 male
840 2216 1088 2283 faciunt,
1116 2218 1520 2290 conspirantes
1557 2216 1619 2271 id
1659 2224 1884 2291 agunt:
1927 2224 2102 2291 atque
2132 2218 2244 2272 hoc
2271 2220 2356 2273 ita

157 2298 191 2324 “
214 2298 481 2363 succedit,
518 2308 717 2369 usque
757 2295 903 2351 dum
946 2296 1161 2353 existat
1206 2296 1417 2373 aliquis
1458 2294 1666 2369 populi
1705 2306 2008 2368 patronus,
2046 2297 2148 2368 qui
2193 2295 2355 2351 hisce

157 2377 195 2405 “
218 2374 387 2435 finem
412 2376 715 2449 imponat.
794 2372 891 2429 Eo
923 2375 999 2431 fit
1024 2368 1227 2451 igitur,
1257 2382 1325 2431 ut
1352 2374 1516 2429 hunc
1554 2374 1736 2429 talem
1775 2373 2022 2428 miretur
2059 2373 2348 2447 populus}

156 2454 198 2481 “
222 2461 277 2507 et
302 2470 441 2511 mox
464 2454 691 2519 eidem,
720 2468 895 2530 quern
937 2454 1193 2527 populus
1222 2455 1490 2518 miratur,
1520 2448 1753 2507 ‘summa
1791 2451 2024 2525 imperii
2051 2452 2346 2509 defertur:

159 2534 195 2561 '‘
218 2539 379 2606 atque
425 2534 513 2589 ita
564 2545 767 2591 rursus
794 2531 893 2587 hic
930 2534 1089 2592 idem
1130 2530 1415 2598 ostendit,
1464 2532 1640 2590 unius
1679 2530 1991 2603 imperium
2029 2548 2157 2587 esse
2199 2532 2356 2604 opti-

158 2607 199 2642 “
225 2626 399 2669 mum.
444 2612 537 2669 Ut
566 2618 764 2666 autem
794 2626 921 2666 uno
946 2611 1129 2667 verbo
1158 2614 1359 2667 omnia
1383 2610 1762 2683 complectar,
1791 2610 1950 2667 unde
1979 2609 2151 2666 nobis
2177 2609 2355 2668 liber-

156 2691 197 2719 “
220 2696 301 2745 tas
325 2692 599 2747 exstitit?
654 2690 786 2765 quis
830 2688 1003 2747 nobis
1048 2706 1179 2746 eam
1216 2690 1417 2746 dedit?
1459 2689 1842 2763 populus-ne,
1891 2706 1968 2745 an
2011 2690 2355 2764 olignrchia,

161 2770 195 2796 “
217 2784 283 2823 an
328 2786 487 2825 unus
548 2768 883 2843 imperans?
930 2768 1035 2824 Est
1087 2770 1269 2844 igitur
1310 2784 1442 2824 mea
1495 2768 1621 2823 haec
1667 2768 1976 2832 sententia,
2019 2786 2208 2841 quum
2251 2785 2358 2841 per

161 2848 197 2875 “
225 2862 400 2904 unum
427 2850 635 2904 virum
674 2848 733 2902 in
770 2846 1103 2904 libertatem
1144 2848 1327 2903 simus
1364 2846 1670 2909 vindicati,
1697 2854 1766 2900 ut
1794 2846 1945 2901 hanc
1975 2847 2205 2919 imperii
2229 2846 2352 2902 for-

162 2928 200 2953 “
224 2940 371 2983 mam
396 2934 703 2993 tueamur,
734 2926 935 2981 adhaee
974 2924 1163 3000 patria
1188 2942 1261 2981 ne
1286 2924 1626 2981 aboleamus
1651 2924 1923 2981 instituta
1955 2925 2100 2980 bene
2128 2920 2352 2981 haben-

160 3004 195 3033 “
222 3000 330 3075 tia3
374 3022 487 3061 nec
518 3006 681 3060 enim
710 3004 823 3061 hoc
850 3006 995 3060 utile
1020 3005 1187 3061 nobis
1214 3004 1451 3060 fuerit.”

224 3084 311 3139 83.
342 3083 491 3141 Tres
520 3081 707 3158 igitur
732 3083 861 3139 istae
886 3085 1191 3139 sententiae
1218 3084 1461 3139 fuerunt
1487 3081 1803 3156 propositae
1825 3104 1842 3151 3
1886 3087 1948 3135 et
1977 3080 2180 3154 reliqui
2209 3098 2354 3156 qua-

154 3163 277 3215 tuor
298 3177 370 3217 ex
394 3162 775 3237 septemviris
804 3162 941 3217 huic
968 3170 1283 3235 postremae
1318 3160 1707 3217 adhaeserunt.
1789 3159 1874 3217 Ut
1909 3176 2050 3215 vero
2080 3176 2353 3217 succum-

160 3234 281 3295 bere
300 3256 473 3297 suam
502 3242 863 3296 sententiam
884 3242 1033 3297 vidit
1061 3242 1301 3307 Otanes,
1330 3240 1431 3313 qui
1454 3236 1606 3311 juris
1643 3238 1985 3313 aequitatem
2030 3238 2185 3294 inter
2211 3240 2354 3295 Per-

158 3330 235 3371 sas
256 3320 567 3377 studuerat
592 3320 872 3385 stabilire,
900 3320 987 3375 ita
1012 3320 1086 3375 inx
1106 3320 1468 3395 collegatum
1493 3320 1694 3378 medio
1721 3319 1952 3373 locutus
1982 3326 2104 3373 est:
2161 3324 2204 3349 “
2227 3318 2356 3374 Viri

159 3398 195 3425 “
218 3399 374 3466 socii,
406 3400 655 3475 adparet
696 3399 879 3473 igitur
904 3414 1139 3454 necesse
1180 3416 1329 3465 esse,
1360 3406 1429 3455 ut
1478 3416 1633 3454 unus
1675 3414 1708 3453 e
1755 3397 1924 3451 nobis
1977 3414 2076 3452 rex
2103 3408 2354 3464 creetur,

161 3477 196 3503 “
216 3476 327 3531 sive
370 3478 417 3533 is
460 3472 626 3533 sorte
666 3476 874 3543 lectae,
900 3469 1037 3534 sive*
1070 3477 1259 3533 Persis
1306 3478 1716 3550 permittamus
1757 3474 2064 3531 arbitrium
2091 3476 2355 3551 eligendi

160 3550 195 3583 “
218 3570 393 3627 quem·-
412 3557 503 3613 illi
534 3556 849 3622 voluerint,
880 3557 1006 3612 sive
1032 3572 1149 3629 qua
1176 3557 1289 3611 alia
1316 3552 1563 3610 ratione.
1643 3555 1720 3612 At
1747 3552 2016 3627 equidem
2047 3556 2352 3610 vobiscum

162 3632 283 3687 “in
308 3635 753 3692 contentionem
794 3652 915 3691 non
958 3632 1329 3701 descendam,
1374 3650 1486 3689 nec
1525 3634 1680 3689 enim
1723 3633 2012 3705 imperare
2049 3634 2206 3698 volo,
2247 3648 2356 3687 nec

160 3714 196 3739 “
221 3726 411 3783 parere
436 3714 706 3787 imperio,
786 3710 994 3788 Itaque
1014 3714 1123 3771 hac
1144 3714 1480 3769 conditione
1503 3728 1617 3787 ego
1637 3711 1804 3767 vobis
1823 3712 1968 3767 cedo
1995 3708 2262 3784 imperiO,
2286 3716 2356 3765 ut

158 3792 201 3817 “
228 3790 439 3848 nullius
464 3800 730 3849 vestrum
750 3792 997 3865 imperio
1020 3794 1131 3849 sim
1159 3786 1483 3860 subjectus,
1514 3808 1624 3846 nec
1651 3808 1765 3866 ego
1797 3790 1942 3863 ipse,
1975 3806 2080 3844 nec
2103 3806 2178 3843 ex
2201 3788 2356 3845 meis

164 3868 201 3896 “
224 3871 463 3939 posteris
480 3868 853 3945 quisquam.·’
898 3873 1057 3933 Quae
1068 3888 1250 3945 quum
1270 3870 1371 3927 ine
1390 3869 1649 3935 dixisset,
1681 3868 1891 3941 reliqui
1918 3884 2022 3922 sex
2044 3867 2357 3939 postulatis

158 3938 275 4011 ejus
300 3957 442 4006 sunt
468 3940 739 4020 adsensi}
786 3958 845 4006 et
885 3946 984 4006 ine
1010 3967 1149 4007 cum
1176 3950 1268 4006 his
1308 3950 1366 4005 in
1402 3949 1846 4005 contentionem
1879 3963 1994 4002 non
2027 3945 2358 4013 descendit,

164 4024 255 4079 sed
276 4042 345 4083 ex
359 4042 565 4085 eorum
583 4028 1082 4087 medio‘discessit.
1147 4031 1339 4102 Atque
1360 4028 1432 4083 ad
1452 4028 1609 4083 hunc
1631 4022 1787 4083 diem
1811 4021 2038 4080 familia
2063 4024 2209 4091 haec,
2231 4040 2356 4080 una

166 4116 227 4155 ex
246 4108 464 4163 cunctis
499 4108 710 4174 Persis,
738 4108 829 4165 sui
849 4104 999 4179 juris
1022 4126 1149 4164 esse
1180 4114 1531 4182 perseverat,
1555 4118 1745 4179 neque
1767 4110 1931 4177 paret
1959 4104 2207 4183 imperio
2236 4103 2352 4159 nisi

164 4190 433 4250 quatenus
456 4186 589 4243 vult
612 4188 763 4261 ipsa,
790 4194 1065 4247 caeterum
1093 4188 1255 4264 leges
1282 4202 1401 4242 non
1430 4182 1868 4263 transgrediens
1893 4180 2229 4241 feramin-

1292 4284 1333 4321 x
1591 4310 1599 4317 .
