<?xml version="1.0" encoding="UTF-8"?>
<!DOCTYPE html PUBLIC "-//W3C//DTD XHTML 1.0 Transitional//EN"
    "http://www.w3.org/TR/xhtml1/DTD/xhtml1-transitional.dtd">
<html xmlns="http://www.w3.org/1999/xhtml" xml:lang="en" lang="en">
 <head>
  <title>
</title>
<meta http-equiv="Content-Type" content="text/html;charset=utf-8" />
  <meta name='ocr-system' content='tesseract 3.04.00' />
  <meta name='ocr-capabilities' content='ocr_page ocr_carea ocr_par ocr_line ocrx_word'/>
</head>
<body>
  <div class='ocr_page' id='page_1' title='image "./herodotihistori00schagoog_0293.png"; bbox 0 0 2925 4992; ppageno 0'>
   <div class='ocr_carea' id='block_1_1' title="bbox 1033 256 2343 337">
    <p class='ocr_par' dir='ltr' id='par_1_1' title="bbox 1033 256 2343 337">
     <span class='ocr_line' id='line_1_1' title="bbox 1033 256 2343 337; baseline 0.002 -2"><span class='ocrx_word' id='word_1_1' title='bbox 1033 268 1408 335; x_wconf 59' lang='grc' dir='ltr'><strong>ΕΒΑΤΟ.</strong></span> <span class='ocrx_word' id='word_1_2' title='bbox 1770 256 1781 267; x_wconf 87' lang='grc'><em>“</em></span> <span class='ocrx_word' id='word_1_3' title='bbox 2212 268 2343 337; x_wconf 68' lang='lat' dir='ltr'><strong>aar·</strong></span> 
     </span>
    </p>
   </div>
   <div class='ocr_carea' id='block_1_2' title="bbox 170 432 2347 1767">
    <p class='ocr_par' dir='ltr' id='par_1_2' title="bbox 170 432 2347 1531">
     <span class='ocr_line' id='line_1_2' title="bbox 175 432 2338 511; baseline 0.001 -20"><span class='ocrx_word' id='word_1_4' title='bbox 175 432 466 509; x_wconf 79' lang='lat' dir='ltr'><strong>accingere,</strong></span> <span class='ocrx_word' id='word_1_5' title='bbox 489 434 876 509; x_wconf 76' lang='lat' dir='ltr'><strong>proditionem</strong></span> <span class='ocrx_word' id='word_1_6' title='bbox 915 432 1153 511; x_wconf 80' lang='lat' dir='ltr'><strong>AEginoe</strong></span> <span class='ocrx_word' id='word_1_7' title='bbox 1188 452 1328 493; x_wconf 88' lang='lat' dir='ltr'><strong>cum</strong></span> <span class='ocrx_word' id='word_1_8' title='bbox 1371 434 1493 493; x_wconf 75' lang='lat' dir='ltr'><strong>iilis</strong></span> <span class='ocrx_word' id='word_1_9' title='bbox 1532 432 1871 509; x_wconf 75' lang='lat' dir='ltr'><strong>paciscitur,</strong></span> <span class='ocrx_word' id='word_1_10' title='bbox 1911 440 2140 493; x_wconf 86' lang='lat' dir='ltr'><strong>certum</strong></span> <span class='ocrx_word' id='word_1_11' title='bbox 2180 436 2338 494; x_wconf 84' lang='lat' dir='ltr'><strong>diem</strong></span> 
     </span>
     <span class='ocr_line' id='line_1_3' title="bbox 174 512 2345 592; baseline 0.001 -23"><span class='ocrx_word' id='word_1_12' title='bbox 174 515 526 579; x_wconf 84' lang='lat' dir='ltr'><strong>constituens,</strong></span> <span class='ocrx_word' id='word_1_13' title='bbox 551 530 666 588; x_wconf 87' lang='lat' dir='ltr'><strong>quo</strong></span> <span class='ocrx_word' id='word_1_14' title='bbox 707 520 768 571; x_wconf 87' lang='lat' dir='ltr'><strong>et</strong></span> <span class='ocrx_word' id='word_1_15' title='bbox 811 514 939 589; x_wconf 84' lang='lat' dir='ltr'><strong>ipse</strong></span> <span class='ocrx_word' id='word_1_16' title='bbox 965 531 1091 583; x_wconf 76' lang='lat' dir='ltr'><strong>rem</strong></span> <span class='ocrx_word' id='word_1_17' title='bbox 1117 512 1501 589; x_wconf 69' lang='lat' dir='ltr'>adgressurus</span> <span class='ocrx_word' id='word_1_18' title='bbox 1524 514 1622 581; x_wconf 80' lang='lat' dir='ltr'><strong>sit,</strong></span> <span class='ocrx_word' id='word_1_19' title='bbox 1652 523 1709 571; x_wconf 90' lang='lat' dir='ltr'><strong>et</strong></span> <span class='ocrx_word' id='word_1_20' title='bbox 1736 516 1867 571; x_wconf 87' lang='lat' dir='ltr'><strong>illos</strong></span> <span class='ocrx_word' id='word_1_21' title='bbox 1894 522 2165 589; x_wconf 80' lang='lat' dir='ltr'><strong>oporteat</strong></span> <span class='ocrx_word' id='word_1_22' title='bbox 2190 530 2345 592; x_wconf 61' lang='lat' dir='ltr'><strong>prm-³</strong></span> 
     </span>
     <span class='ocr_line' id='line_1_4' title="bbox 178 592 2339 660; baseline 0.002 -14"><span class='ocrx_word' id='word_1_23' title='bbox 178 592 305 648; x_wconf 75' lang='lat' dir='ltr'><strong>sidio</strong></span> <span class='ocrx_word' id='word_1_24' title='bbox 329 592 430 648; x_wconf 85' lang='lat' dir='ltr'><strong>sibi</strong></span> <span class='ocrx_word' id='word_1_25' title='bbox 457 592 667 649; x_wconf 83' lang='lat' dir='ltr'><strong>adesse.</strong></span> <span class='ocrx_word' id='word_1_26' title='bbox 748 592 860 649; x_wconf 87' lang='lat' dir='ltr'><strong>His</strong></span> <span class='ocrx_word' id='word_1_27' title='bbox 880 592 964 648; x_wconf 90' lang='lat' dir='ltr'><strong>ita</strong></span> <span class='ocrx_word' id='word_1_28' title='bbox 985 593 1342 660; x_wconf 85' lang='lat' dir='ltr'><strong>constitutis,</strong></span> <span class='ocrx_word' id='word_1_29' title='bbox 1368 592 1787 660; x_wconf 86' lang='lat' dir='ltr'><strong>Nicodromus,</strong></span> <span class='ocrx_word' id='word_1_30' title='bbox 1813 602 1880 650; x_wconf 86' lang='lat' dir='ltr'><strong>ut</strong></span> <span class='ocrx_word' id='word_1_31' title='bbox 1907 595 1958 650; x_wconf 90' lang='lat' dir='ltr'><strong>ei</strong></span> <span class='ocrx_word' id='word_1_32' title='bbox 1990 610 2129 650; x_wconf 85' lang='lat' dir='ltr'><strong>cum</strong></span> <span class='ocrx_word' id='word_1_33' title='bbox 2152 594 2339 651; x_wconf 80' lang='lat' dir='ltr'><strong>Athe-</strong></span> 
     </span>
     <span class='ocr_line' id='line_1_5' title="bbox 177 669 2345 746; baseline 0.001 -21"><span class='ocrx_word' id='word_1_34' title='bbox 177 669 444 727; x_wconf 86' lang='lat' dir='ltr'><strong>niensibus</strong></span> <span class='ocrx_word' id='word_1_35' title='bbox 471 670 850 738; x_wconf 75' lang='lat' dir='ltr'><strong>oonvenemt,·</strong></span> <span class='ocrx_word' id='word_1_36' title='bbox 863 681 1124 728; x_wconf 74' lang='lat' dir='ltr'><strong>veterem</strong></span> <span class='ocrx_word' id='word_1_37' title='bbox 1149 685 1327 745; x_wconf 89' lang='lat' dir='ltr'><strong>quam</strong></span> <span class='ocrx_word' id='word_1_38' title='bbox 1355 679 1583 729; x_wconf 67' lang='lat' dir='ltr'><strong>vocant</strong></span> <span class='ocrx_word' id='word_1_39' title='bbox 1598 671 1809 728; x_wconf 87' lang='lat' dir='ltr'><strong>urbem</strong></span> <span class='ocrx_word' id='word_1_40' title='bbox 1833 678 2102 746; x_wconf 80' lang='lat' dir='ltr'><strong>occupat.</strong></span> <span class='ocrx_word' id='word_1_41' title='bbox 2140 696 2147 707; x_wconf 92' lang='lat'><strong>·</strong></span> <span class='ocrx_word' id='word_1_42' title='bbox 2282 702 2287 708; x_wconf 91' lang='lat'>·</span> <span class='ocrx_word' id='word_1_43' title='bbox 2336 694 2345 707; x_wconf 90' lang='lat'><strong>·</strong></span> 
     </span>
     <span class='ocr_line' id='line_1_6' title="bbox 191 747 2341 807; baseline 0.001 -4"><span class='ocrx_word' id='word_1_44' title='bbox 191 758 202 767; x_wconf 90' lang='lat'><em>·</em></span> <span class='ocrx_word' id='word_1_45' title='bbox 241 752 322 804; x_wconf 78' lang='grc'><strong>89.</strong></span> <span class='ocrx_word' id='word_1_46' title='bbox 361 750 468 805; x_wconf 88' lang='lat' dir='ltr'><strong>Sed</strong></span> <span class='ocrx_word' id='word_1_47' title='bbox 489 749 867 807; x_wconf 75' lang='lat' dir='ltr'>Athenienses</span> <span class='ocrx_word' id='word_1_48' title='bbox 918 750 990 806; x_wconf 88' lang='lat' dir='ltr'><strong>ad</strong></span> <span class='ocrx_word' id='word_1_49' title='bbox 1035 750 1420 806; x_wconf 87' lang='lat' dir='ltr'><strong>constitutum</strong></span> <span class='ocrx_word' id='word_1_50' title='bbox 1457 750 1616 805; x_wconf 87' lang='lat' dir='ltr'><strong>diem</strong></span> <span class='ocrx_word' id='word_1_51' title='bbox 1651 766 1768 807; x_wconf 89' lang='lat' dir='ltr'><strong>non</strong></span> <span class='ocrx_word' id='word_1_52' title='bbox 1811 750 2148 807; x_wconf 78' lang='lat' dir='ltr'><strong>adfuerunt.</strong></span> <span class='ocrx_word' id='word_1_53' title='bbox 2178 774 2185 783; x_wconf 91' lang='lat'><strong>·</strong></span> <span class='ocrx_word' id='word_1_54' title='bbox 2228 747 2341 805; x_wconf 88' lang='lat' dir='ltr'><strong>Et-</strong></span> 
     </span>
     <span class='ocr_line' id='line_1_7' title="bbox 178 828 2345 887; baseline 0.001 -6"><span class='ocrx_word' id='word_1_55' title='bbox 178 828 314 884; x_wconf 83' lang='lat' dir='ltr'><strong>enim</strong></span> <span class='ocrx_word' id='word_1_56' title='bbox 357 828 592 885; x_wconf 81' lang='lat' dir='ltr'><strong>navium</strong></span> <span class='ocrx_word' id='word_1_57' title='bbox 639 846 916 885; x_wconf 84' lang='lat' dir='ltr'><strong>numerus</strong></span> <span class='ocrx_word' id='word_1_58' title='bbox 957 839 1099 885; x_wconf 85' lang='lat' dir='ltr'><strong>tunc</strong></span> <span class='ocrx_word' id='word_1_59' title='bbox 1145 828 1402 885; x_wconf 78' lang='lat' dir='ltr'><strong>maxime</strong></span> <span class='ocrx_word' id='word_1_60' title='bbox 1445 844 1564 883; x_wconf 91' lang='lat' dir='ltr'><strong>non</strong></span> <span class='ocrx_word' id='word_1_61' title='bbox 1619 828 1689 884; x_wconf 84' lang='lat' dir='ltr'><strong>ad</strong></span> <span class='ocrx_word' id='word_1_62' title='bbox 1739 846 1949 885; x_wconf 82' lang='lat' dir='ltr'><strong>manus</strong></span> <span class='ocrx_word' id='word_1_63' title='bbox 1988 829 2102 887; x_wconf 84' lang='lat' dir='ltr'><strong>illis</strong></span> <span class='ocrx_word' id='word_1_64' title='bbox 2151 828 2345 885; x_wconf 84' lang='lat' dir='ltr'><strong>fuerat</strong></span> 
     </span>
     <span class='ocr_line' id='line_1_8' title="bbox 176 903 2347 982; baseline 0.002 -23"><span class='ocrx_word' id='word_1_65' title='bbox 176 903 388 963; x_wconf 77' lang='lat' dir='ltr'><strong>idoneus</strong></span> <span class='ocrx_word' id='word_1_66' title='bbox 429 906 500 961; x_wconf 89' lang='lat' dir='ltr'><strong>ad</strong></span> <span class='ocrx_word' id='word_1_67' title='bbox 543 922 807 982; x_wconf 82' lang='lat' dir='ltr'><strong>pugnam</strong></span> <span class='ocrx_word' id='word_1_68' title='bbox 835 924 968 963; x_wconf 83' lang='lat' dir='ltr'><strong>cum</strong></span> <span class='ocrx_word' id='word_1_69' title='bbox 1000 906 1294 981; x_wconf 79' lang='lat' dir='ltr'><strong>AEginetis</strong></span> <span class='ocrx_word' id='word_1_70' title='bbox 1335 907 1690 963; x_wconf 80' lang='lat' dir='ltr'>ineundam:</span> <span class='ocrx_word' id='word_1_71' title='bbox 1740 915 1823 973; x_wconf 88' lang='lat' dir='ltr'><strong>et,</strong></span> <span class='ocrx_word' id='word_1_72' title='bbox 1850 909 1996 964; x_wconf 86' lang='lat' dir='ltr'><strong>dum</strong></span> <span class='ocrx_word' id='word_1_73' title='bbox 2045 924 2081 964; x_wconf 91' lang='lat' dir='ltr'><strong>a</strong></span> <span class='ocrx_word' id='word_1_74' title='bbox 2124 908 2347 963; x_wconf 76' lang='lat' dir='ltr'><strong>Corin-¹</strong></span> 
     </span>
     <span class='ocr_line' id='line_1_9' title="bbox 172 984 2341 1061; baseline 0.001 -23"><span class='ocrx_word' id='word_1_75' title='bbox 172 984 287 1040; x_wconf 83' lang='lat' dir='ltr'><strong>thiis</strong></span> <span class='ocrx_word' id='word_1_76' title='bbox 307 1002 472 1041; x_wconf 77' lang='lat' dir='ltr'><strong>naves</strong></span> <span class='ocrx_word' id='word_1_77' title='bbox 499 985 1092 1043; x_wconf 82' lang='lat' dir='ltr'><strong>sibi-commodandus</strong></span> <span class='ocrx_word' id='word_1_78' title='bbox 1119 986 1350 1059; x_wconf 76' lang='lat' dir='ltr'><strong>petunt,</strong></span> <span class='ocrx_word' id='word_1_79' title='bbox 1377 986 1618 1041; x_wconf 81' lang='lat' dir='ltr'><strong>interim</strong></span> <span class='ocrx_word' id='word_1_80' title='bbox 1642 987 1871 1061; x_wconf 84' lang='lat' dir='ltr'><strong>perdita</strong></span> <span class='ocrx_word' id='word_1_81' title='bbox 1898 1004 1987 1042; x_wconf 87' lang='lat' dir='ltr'><strong>res</strong></span> <span class='ocrx_word' id='word_1_82' title='bbox 2016 993 2121 1042; x_wconf 84' lang='lat' dir='ltr'><strong>est.</strong></span> <span class='ocrx_word' id='word_1_83' title='bbox 2222 987 2341 1042; x_wconf 86' lang='lat' dir='ltr'><strong>Co-</strong></span> 
     </span>
     <span class='ocr_line' id='line_1_10' title="bbox 177 1062 2343 1138; baseline 0.003 -23"><span class='ocrx_word' id='word_1_84' title='bbox 177 1062 370 1129; x_wconf 82' lang='lat' dir='ltr'><strong>rinthii,</strong></span> <span class='ocrx_word' id='word_1_85' title='bbox 397 1077 578 1136; x_wconf 87' lang='lat' dir='ltr'><strong>quum</strong></span> <span class='ocrx_word' id='word_1_86' title='bbox 605 1082 713 1138; x_wconf 86' lang='lat' dir='ltr'><strong>per</strong></span> <span class='ocrx_word' id='word_1_87' title='bbox 737 1065 794 1120; x_wconf 90' lang='lat' dir='ltr'><strong>id</strong></span> <span class='ocrx_word' id='word_1_88' title='bbox 825 1072 1056 1137; x_wconf 86' lang='lat' dir='ltr'><strong>tempus</strong></span> <span class='ocrx_word' id='word_1_89' title='bbox 1084 1079 1260 1137; x_wconf 85' lang='lat' dir='ltr'><strong>quam</strong></span> <span class='ocrx_word' id='word_1_90' title='bbox 1285 1065 1545 1119; x_wconf 78' lang='lat' dir='ltr'><strong>maxime</strong></span> <span class='ocrx_word' id='word_1_91' title='bbox 1584 1065 1758 1119; x_wconf 87' lang='lat' dir='ltr'><strong>amici</strong></span> <span class='ocrx_word' id='word_1_92' title='bbox 1796 1073 1995 1121; x_wconf 82' lang='lat' dir='ltr'><strong>essent</strong></span> <span class='ocrx_word' id='word_1_93' title='bbox 2021 1064 2343 1121; x_wconf 79' lang='lat' dir='ltr'><strong>Athenien-</strong></span> 
     </span>
     <span class='ocr_line' id='line_1_11' title="bbox 171 1138 2345 1218; baseline 0.001 -21"><span class='ocrx_word' id='word_1_94' title='bbox 171 1140 323 1207; x_wconf 83' lang='lat' dir='ltr'><strong>sium,</strong></span> <span class='ocrx_word' id='word_1_95' title='bbox 347 1138 688 1217; x_wconf 82' lang='lat' dir='ltr'><strong>rogantibus</strong></span> <span class='ocrx_word' id='word_1_96' title='bbox 717 1142 831 1199; x_wconf 85' lang='lat' dir='ltr'><strong>illis</strong></span> <span class='ocrx_word' id='word_1_97' title='bbox 857 1143 1098 1218; x_wconf 85' lang='lat' dir='ltr'><strong>triginta</strong></span> <span class='ocrx_word' id='word_1_98' title='bbox 1123 1142 1332 1199; x_wconf 84' lang='lat' dir='ltr'><strong>dedere</strong></span> <span class='ocrx_word' id='word_1_99' title='bbox 1355 1157 1568 1212; x_wconf 82' lang='lat' dir='ltr'><strong>naves3</strong></span> <span class='ocrx_word' id='word_1_100' title='bbox 1612 1143 1897 1199; x_wconf 85' lang='lat' dir='ltr'><strong>dederunt</strong></span> <span class='ocrx_word' id='word_1_101' title='bbox 1923 1150 2125 1199; x_wconf 84' lang='lat' dir='ltr'><strong>autem</strong></span> <span class='ocrx_word' id='word_1_102' title='bbox 2138 1144 2345 1217; x_wconf 82' lang='lat' dir='ltr'><strong>quinis</strong></span> 
     </span>
     <span class='ocr_line' id='line_1_12' title="bbox 170 1216 2347 1297; baseline 0.003 -24"><span class='ocrx_word' id='word_1_103' title='bbox 170 1216 426 1276; x_wconf 70' lang='lat' dir='ltr'><strong>«inclimis</strong></span> <span class='ocrx_word' id='word_1_104' title='bbox 451 1238 546 1279; x_wconf 88' lang='lat' dir='ltr'><strong>eas</strong></span> <span class='ocrx_word' id='word_1_105' title='bbox 579 1221 1054 1287; x_wconf 74' lang='lat' dir='ltr'><strong>commodantes,</strong></span> <span class='ocrx_word' id='word_1_106' title='bbox 1081 1238 1244 1277; x_wconf 65' lang='lat' dir='ltr'><strong>nam0</strong></span> <span class='ocrx_word' id='word_1_107' title='bbox 1272 1222 1454 1297; x_wconf 87' lang='lat' dir='ltr'><strong>gratis</strong></span> <span class='ocrx_word' id='word_1_108' title='bbox 1494 1220 1631 1277; x_wconf 81' lang='lat' dir='ltr'><strong>dare</strong></span> <span class='ocrx_word' id='word_1_109' title='bbox 1672 1238 1775 1295; x_wconf 87' lang='lat' dir='ltr'><strong>per</strong></span> <span class='ocrx_word' id='word_1_110' title='bbox 1812 1222 2007 1296; x_wconf 78' lang='lat' dir='ltr'><strong>legem</strong></span> <span class='ocrx_word' id='word_1_111' title='bbox 2056 1238 2173 1278; x_wconf 88' lang='lat' dir='ltr'><strong>non</strong></span> <span class='ocrx_word' id='word_1_112' title='bbox 2206 1230 2347 1279; x_wconf 80' lang='lat' dir='ltr'><strong>erat</strong></span> 
     </span>
     <span class='ocr_line' id='line_1_13' title="bbox 172 1295 2347 1375; baseline 0.002 -22"><span class='ocrx_word' id='word_1_113' title='bbox 172 1296 386 1356; x_wconf 74' lang='lat' dir='ltr'><strong>licitum.</strong></span> <span class='ocrx_word' id='word_1_114' title='bbox 433 1300 578 1357; x_wconf 89' lang='lat' dir='ltr'><strong>·His</strong></span> <span class='ocrx_word' id='word_1_115' title='bbox 606 1300 795 1375; x_wconf 80' lang='lat' dir='ltr'><strong>igitur</strong></span> <span class='ocrx_word' id='word_1_116' title='bbox 817 1300 1070 1373; x_wconf 76' lang='lat' dir='ltr'><strong>acceptis</strong></span> <span class='ocrx_word' id='word_1_117' title='bbox 1111 1299 1386 1368; x_wconf 83' lang='lat' dir='ltr'><strong>navibus,</strong></span> <span class='ocrx_word' id='word_1_118' title='bbox 1417 1295 1773 1373; x_wconf 74' lang='lat' dir='ltr'><strong>adjectisque</strong></span> <span class='ocrx_word' id='word_1_119' title='bbox 1799 1298 1943 1367; x_wconf 87' lang='lat' dir='ltr'><strong>suis,</strong></span> <span class='ocrx_word' id='word_1_120' title='bbox 1972 1302 2347 1375; x_wconf 81' lang='lat' dir='ltr'><strong>septuaginta</strong></span> 
     </span>
     <span class='ocr_line' id='line_1_14' title="bbox 173 1375 2343 1455; baseline 0.004 -25"><span class='ocrx_word' id='word_1_121' title='bbox 173 1378 392 1433; x_wconf 75' lang='lat' dir='ltr'><strong>omnino</strong></span> <span class='ocrx_word' id='word_1_122' title='bbox 437 1379 687 1435; x_wconf 82' lang='lat' dir='ltr'><strong>navibus</strong></span> <span class='ocrx_word' id='word_1_123' title='bbox 739 1378 1061 1444; x_wconf 86' lang='lat' dir='ltr'><strong>instructis,</strong></span> <span class='ocrx_word' id='word_1_124' title='bbox 1107 1378 1386 1434; x_wconf 84' lang='lat' dir='ltr'><strong>adversus</strong></span> <span class='ocrx_word' id='word_1_125' title='bbox 1437 1375 1722 1453; x_wconf 85' lang='lat' dir='ltr'><strong>AEginam</strong></span> <span class='ocrx_word' id='word_1_126' title='bbox 1776 1379 2171 1455; x_wconf 83' lang='lat' dir='ltr'><strong>navigarunt:</strong></span> <span class='ocrx_word' id='word_1_127' title='bbox 2242 1378 2343 1439; x_wconf 73' lang='lat' dir='ltr'><strong>sed</strong></span> 
     </span>
     <span class='ocr_line' id='line_1_15' title="bbox 171 1452 2155 1531; baseline 0.003 -22"><span class='ocrx_word' id='word_1_128' title='bbox 171 1452 570 1528; x_wconf 70' lang='lat' dir='ltr'><strong>postridieejus</strong></span> <span class='ocrx_word' id='word_1_129' title='bbox 597 1456 1252 1531; x_wconf 76' lang='lat' dir='ltr'><strong>diei,‘qui·constitutus·</strong></span> <span class='ocrx_word' id='word_1_130' title='bbox 1269 1465 1412 1522; x_wconf 87' lang='lat' dir='ltr'><strong>erat,</strong></span> <span class='ocrx_word' id='word_1_131' title='bbox 1441 1456 1825 1513; x_wconf 86' lang='lat' dir='ltr'><strong>advenerunt.</strong></span> <span class='ocrx_word' id='word_1_132' title='bbox 2148 1484 2155 1491; x_wconf 90' lang='lat'><strong>·</strong></span> 
     </span>
    </p>

    <p class='ocr_par' dir='ltr' id='par_1_3' title="bbox 170 1534 2345 1767">
     <span class='ocr_line' id='line_1_16' title="bbox 235 1534 2344 1604; baseline 0.001 -15"><span class='ocrx_word' id='word_1_133' title='bbox 235 1538 317 1601; x_wconf 77' lang='grc' dir='ltr'><strong>9ο.</strong></span> <span class='ocrx_word' id='word_1_134' title='bbox 352 1534 763 1604; x_wconf 79' lang='lat' dir='ltr'><strong>Nicodromus,</strong></span> <span class='ocrx_word' id='word_1_135' title='bbox 805 1543 878 1593; x_wconf 89' lang='lat' dir='ltr'><strong>ut</strong></span> <span class='ocrx_word' id='word_1_136' title='bbox 923 1535 999 1591; x_wconf 86' lang='lat' dir='ltr'><strong>ad</strong></span> <span class='ocrx_word' id='word_1_137' title='bbox 1041 1534 1197 1591; x_wconf 84' lang='lat' dir='ltr'><strong>diem</strong></span> <span class='ocrx_word' id='word_1_138' title='bbox 1239 1552 1359 1592; x_wconf 89' lang='lat' dir='ltr'><strong>non</strong></span> <span class='ocrx_word' id='word_1_139' title='bbox 1399 1534 1720 1592; x_wconf 84' lang='lat' dir='ltr'><strong>adfuerunt</strong></span> <span class='ocrx_word' id='word_1_140' title='bbox 1763 1536 2161 1601; x_wconf 78' lang='lat' dir='ltr'><strong>Athenienses,</strong></span> <span class='ocrx_word' id='word_1_141' title='bbox 2205 1552 2344 1592; x_wconf 82' lang='lat' dir='ltr'><strong>con·</strong></span> 
     </span>
     <span class='ocr_line' id='line_1_17' title="bbox 173 1613 2345 1691; baseline 0.002 -25"><span class='ocrx_word' id='word_1_142' title='bbox 173 1627 349 1669; x_wconf 87' lang='lat' dir='ltr'><strong>scensa</strong></span> <span class='ocrx_word' id='word_1_143' title='bbox 375 1616 524 1691; x_wconf 22' lang='lat' dir='ltr'><strong>&#39;navi</strong></span> <span class='ocrx_word' id='word_1_144' title='bbox 571 1632 644 1670; x_wconf 83' lang='lat' dir='ltr'><strong>ex</strong></span> <span class='ocrx_word' id='word_1_145' title='bbox 683 1613 1521 1689; x_wconf 71' lang='lat' dir='ltr'><strong>AEgina·prof11git,eumque</strong></span> <span class='ocrx_word' id='word_1_146' title='bbox 1566 1613 1667 1671; x_wconf 84' lang='lat' dir='ltr'><strong>alii</strong></span> <span class='ocrx_word' id='word_1_147' title='bbox 1709 1615 1887 1671; x_wconf 84' lang='lat' dir='ltr'><strong>etiam</strong></span> <span class='ocrx_word' id='word_1_148' title='bbox 1931 1632 2003 1669; x_wconf 86' lang='lat' dir='ltr'><strong>ex</strong></span> <span class='ocrx_word' id='word_1_149' title='bbox 2046 1614 2345 1688; x_wconf 79' lang='lat' dir='ltr'><strong>AEginetis</strong></span> 
     </span>
     <span class='ocr_line' id='line_1_18' title="bbox 170 1690 2338 1767; baseline 0.001 -20"><span class='ocrx_word' id='word_1_150' title='bbox 170 1692 562 1763; x_wconf 70' lang='lat' dir='ltr'><strong>suat³secuti3</strong></span> <span class='ocrx_word' id='word_1_151' title='bbox 619 1693 848 1767; x_wconf 80' lang='lat' dir='ltr'><strong>&#39;quibus</strong></span> <span class='ocrx_word' id='word_1_152' title='bbox 903 1690 1290 1749; x_wconf 85' lang='lat' dir='ltr'><strong>Athenienses</strong></span> <span class='ocrx_word' id='word_1_153' title='bbox 1331 1692 1597 1748; x_wconf 81' lang='lat' dir='ltr'><strong>Sunium</strong></span> <span class='ocrx_word' id='word_1_154' title='bbox 1622 1716 1629 1725; x_wconf 86' lang='lat'><strong>·</strong></span> <span class='ocrx_word' id='word_1_155' title='bbox 1652 1692 2039 1749; x_wconf 83' lang='lat' dir='ltr'><strong>habitandum</strong></span> <span class='ocrx_word' id='word_1_156' title='bbox 2092 1693 2338 1749; x_wconf 80' lang='lat' dir='ltr'><strong>dedere:</strong></span> 
     </span>
    </p>
   </div>
   <div class='ocr_carea' id='block_1_3' title="bbox 169 1763 2453 1846">
    <p class='ocr_par' dir='ltr' id='par_1_4' title="bbox 169 1763 2453 1846">
     <span class='ocr_line' id='line_1_19' title="bbox 169 1763 2453 1846; baseline 0.002 -23"><span class='ocrx_word' id='word_1_157' title='bbox 169 1769 306 1825; x_wconf 89' lang='lat' dir='ltr'><strong>unde</strong></span> <span class='ocrx_word' id='word_1_158' title='bbox 341 1763 424 1826; x_wconf 76' lang='lat' dir='ltr'><strong>ilii</strong></span> <span class='ocrx_word' id='word_1_159' title='bbox 451 1771 1073 1844; x_wconf 78' lang='lat' dir='ltr'><strong>impetum³facientes‚</strong></span> <span class='ocrx_word' id='word_1_160' title='bbox 1103 1788 1197 1827; x_wconf 88' lang='lat' dir='ltr'><strong>res</strong></span> <span class='ocrx_word' id='word_1_161' title='bbox 1220 1770 1666 1846; x_wconf 85' lang='lat' dir='ltr'><strong>AEginetarum,</strong></span> <span class='ocrx_word' id='word_1_162' title='bbox 1696 1772 1795 1845; x_wconf 89' lang='lat' dir='ltr'><strong>qui</strong></span> <span class='ocrx_word' id='word_1_163' title='bbox 1828 1772 1889 1828; x_wconf 88' lang='lat' dir='ltr'><strong>in</strong></span> <span class='ocrx_word' id='word_1_164' title='bbox 1923 1772 2116 1827; x_wconf 84' lang='lat' dir='ltr'><strong>insula</strong></span> <span class='ocrx_word' id='word_1_165' title='bbox 2154 1780 2342 1839; x_wconf 87' lang='lat' dir='ltr'><strong>erant,</strong></span> <span class='ocrx_word' id='word_1_166' title='bbox 2446 1817 2453 1821; x_wconf 91' lang='lat'><strong>.</strong></span> 
     </span>
    </p>
   </div>
   <div class='ocr_carea' id='block_1_4' title="bbox 151 1846 2435 4211">
    <p class='ocr_par' dir='ltr' id='par_1_5' title="bbox 170 1846 2232 1925">
     <span class='ocr_line' id='line_1_20' title="bbox 170 1846 2232 1925; baseline 0.001 -23"><span class='ocrx_word' id='word_1_167' title='bbox 170 1846 391 1921; x_wconf 76' lang='lat' dir='ltr'><strong>agebant</strong></span> <span class='ocrx_word' id='word_1_168' title='bbox 416 1851 816 1925; x_wconf 76' lang='lat' dir='ltr'><strong>ferebantque.</strong></span> <span class='ocrx_word' id='word_1_169' title='bbox 894 1846 1006 1906; x_wconf 90' lang='lat' dir='ltr'><strong>Sed</strong></span> <span class='ocrx_word' id='word_1_170' title='bbox 1032 1851 1148 1905; x_wconf 83' lang='lat' dir='ltr'><strong>h&#39;oc</strong></span> <span class='ocrx_word' id='word_1_171' title='bbox 1167 1849 1408 1923; x_wconf 80' lang='lat' dir='ltr'><strong>quidem</strong></span> <span class='ocrx_word' id='word_1_172' title='bbox 1437 1860 1672 1923; x_wconf 88' lang='lat' dir='ltr'><strong>postero</strong></span> <span class='ocrx_word' id='word_1_173' title='bbox 1698 1858 1967 1923; x_wconf 81' lang='lat' dir='ltr'><strong>tempore</strong></span> <span class='ocrx_word' id='word_1_174' title='bbox 1990 1850 2145 1905; x_wconf 84' lang='lat' dir='ltr'><strong>factu</strong></span> <span class='ocrx_word' id='word_1_175' title='bbox 2156 1868 2232 1905; x_wconf 87' lang='lat' dir='ltr'><strong>m.</strong></span> 
     </span>
    </p>

    <p class='ocr_par' dir='ltr' id='par_1_6' title="bbox 151 1926 2435 4211">
     <span class='ocr_line' id='line_1_21' title="bbox 175 1926 2345 2003; baseline 0.002 -22"><span class='ocrx_word' id='word_1_176' title='bbox 175 1939 187 1949; x_wconf 80' lang='grc'><strong><em>’</em></strong></span> <span class='ocrx_word' id='word_1_177' title='bbox 233 1928 316 1982; x_wconf 83' lang='grc'><strong>91.·</strong></span> <span class='ocrx_word' id='word_1_178' title='bbox 353 1928 524 1986; x_wconf 87' lang='lat' dir='ltr'><strong>Tunc</strong></span> <span class='ocrx_word' id='word_1_179' title='bbox 573 1946 738 1993; x_wconf 89' lang='lat' dir='ltr'><strong>vero,</strong></span> <span class='ocrx_word' id='word_1_180' title='bbox 788 1928 890 2001; x_wconf 90' lang='lat' dir='ltr'><strong>qui</strong></span> <span class='ocrx_word' id='word_1_181' title='bbox 939 1928 1149 2003; x_wconf 88' lang='lat' dir='ltr'><strong>opibus</strong></span> <span class='ocrx_word' id='word_1_182' title='bbox 1196 1928 1351 1985; x_wconf 88' lang='lat' dir='ltr'><strong>inter</strong></span> <span class='ocrx_word' id='word_1_183' title='bbox 1385 1926 1686 2003; x_wconf 84' lang='lat' dir='ltr'><strong>AEginetas</strong></span> <span class='ocrx_word' id='word_1_184' title='bbox 1728 1928 2023 1994; x_wconf 80' lang='lat' dir='ltr'><strong>valebant,</strong></span> <span class='ocrx_word' id='word_1_185' title='bbox 2070 1934 2345 2002; x_wconf 86' lang='lat' dir='ltr'><strong>superata</strong></span> 
     </span>
     <span class='ocr_line' id='line_1_22' title="bbox 167 2003 2341 2082; baseline 0.002 -23"><span class='ocrx_word' id='word_1_186' title='bbox 167 2003 314 2075; x_wconf 88' lang='lat' dir='ltr'><strong>plebe</strong></span> <span class='ocrx_word' id='word_1_187' title='bbox 337 2022 468 2079; x_wconf 74' lang='lat' dir='ltr'><strong>quae</strong></span> <span class='ocrx_word' id='word_1_188' title='bbox 483 2025 627 2064; x_wconf 89' lang='lat' dir='ltr'><strong>cum</strong></span> <span class='ocrx_word' id='word_1_189' title='bbox 655 2006 1018 2063; x_wconf 87' lang='lat' dir='ltr'><strong>Nicodromo</strong></span> <span class='ocrx_word' id='word_1_190' title='bbox 1039 2007 1495 2072; x_wconf 78' lang='lat' dir='ltr'><strong>insurrexerant,</strong></span> <span class='ocrx_word' id='word_1_191' title='bbox 1523 2007 1633 2063; x_wconf 84' lang='lat' dir='ltr'><strong>hos</strong></span> <span class='ocrx_word' id='word_1_192' title='bbox 1676 2003 1779 2079; x_wconf 79' lang='lat' dir='ltr'><strong>qu‘i</strong></span> <span class='ocrx_word' id='word_1_193' title='bbox 1822 2008 1882 2063; x_wconf 89' lang='lat' dir='ltr'><strong>in</strong></span> <span class='ocrx_word' id='word_1_194' title='bbox 1926 2008 2189 2082; x_wconf 87' lang='lat' dir='ltr'><strong>ipsorum</strong></span> <span class='ocrx_word' id='word_1_195' title='bbox 2236 2026 2341 2063; x_wconf 87' lang='lat' dir='ltr'><strong>ve·</strong></span> 
     </span>
     <span class='ocr_line' id='line_1_23' title="bbox 167 2084 2343 2160; baseline 0.002 -23"><span class='ocrx_word' id='word_1_196' title='bbox 167 2092 346 2141; x_wconf 86' lang='lat' dir='ltr'><strong>nerant</strong></span> <span class='ocrx_word' id='word_1_197' title='bbox 391 2092 767 2160; x_wconf 77' lang='lat' dir='ltr'><strong>potestatem,</strong></span> <span class='ocrx_word' id='word_1_198' title='bbox 813 2085 887 2142; x_wconf 85' lang='lat' dir='ltr'><strong>ad</strong></span> <span class='ocrx_word' id='word_1_199' title='bbox 913 2084 1292 2155; x_wconf 70' lang='lat' dir='ltr'><strong>sumendum</strong></span> <span class='ocrx_word' id='word_1_200' title='bbox 1343 2087 1426 2142; x_wconf 89' lang='lat' dir='ltr'><strong>de·</strong></span> <span class='ocrx_word' id='word_1_201' title='bbox 1463 2085 1573 2141; x_wconf 87' lang='lat' dir='ltr'><strong>eis·</strong></span> <span class='ocrx_word' id='word_1_202' title='bbox 1594 2086 1943 2159; x_wconf 82' lang='lat' dir='ltr'><strong>supplicium</strong></span> <span class='ocrx_word' id='word_1_203' title='bbox 1995 2086 2343 2145; x_wconf 81' lang='lat' dir='ltr'><strong>eduxerunt.</strong></span> 
     </span>
     <span class='ocr_line' id='line_1_24' title="bbox 169 2162 2349 2239; baseline -0 -17"><span class='ocrx_word' id='word_1_204' title='bbox 169 2162 280 2222; x_wconf 76' lang='lat' dir='ltr'><strong>Quo</strong></span> <span class='ocrx_word' id='word_1_205' title='bbox 309 2164 570 2239; x_wconf 71' lang='lat' dir='ltr'><strong>tempore</strong></span> <span class='ocrx_word' id='word_1_206' title='bbox 597 2164 775 2221; x_wconf 81' lang='lat' dir='ltr'><strong>etiam</strong></span> <span class='ocrx_word' id='word_1_207' title='bbox 819 2164 1115 2239; x_wconf 78' lang='lat' dir='ltr'><strong>piaculum</strong></span> <span class='ocrx_word' id='word_1_208' title='bbox 1137 2163 1444 2229; x_wconf 81' lang='lat' dir='ltr'><strong>admisere,</strong></span> <span class='ocrx_word' id='word_1_209' title='bbox 1474 2164 1635 2237; x_wconf 90' lang='lat' dir='ltr'><strong>quod</strong></span> <span class='ocrx_word' id='word_1_210' title='bbox 1668 2164 1831 2219; x_wconf 89' lang='lat' dir='ltr'><strong>nulla</strong></span> <span class='ocrx_word' id='word_1_211' title='bbox 1870 2164 2089 2237; x_wconf 84' lang='lat' dir='ltr'><strong>expiari</strong></span> <span class='ocrx_word' id='word_1_212' title='bbox 2116 2165 2349 2221; x_wconf 84' lang='lat' dir='ltr'><strong>ratione</strong></span> 
     </span>
     <span class='ocr_line' id='line_1_25' title="bbox 167 2240 2345 2317; baseline 0.002 -22"><span class='ocrx_word' id='word_1_213' title='bbox 167 2240 434 2315; x_wconf 78' lang='lat' dir='ltr'><strong>nullisque</strong></span> <span class='ocrx_word' id='word_1_214' title='bbox 455 2242 1162 2317; x_wconf 70' lang='lat' dir='ltr'><strong>=sacrificiis-potuerunt,</strong></span> <span class='ocrx_word' id='word_1_215' title='bbox 1192 2242 1291 2299; x_wconf 90' lang='lat' dir='ltr'><strong>sed</strong></span> <span class='ocrx_word' id='word_1_216' title='bbox 1331 2243 1493 2317; x_wconf 85' lang='lat' dir='ltr'><strong>prius</strong></span> <span class='ocrx_word' id='word_1_217' title='bbox 1533 2243 1725 2297; x_wconf 85' lang='lat' dir='ltr'><strong>insula</strong></span> <span class='ocrx_word' id='word_1_218' title='bbox 1762 2243 2120 2308; x_wconf 87' lang='lat' dir='ltr'><strong>exciderunt,</strong></span> <span class='ocrx_word' id='word_1_219' title='bbox 2166 2260 2345 2315; x_wconf 88' lang='lat' dir='ltr'><strong>quam</strong></span> 
     </span>
     <span class='ocr_line' id='line_1_26' title="bbox 166 2317 2345 2394; baseline 0.001 -20"><span class='ocrx_word' id='word_1_220' title='bbox 166 2320 389 2393; x_wconf 78' lang='lat' dir='ltr'><strong>propitia</strong></span> <span class='ocrx_word' id='word_1_221' title='bbox 421 2324 542 2379; x_wconf 76' lang='lat' dir='ltr'><strong>iuis</strong></span> <span class='ocrx_word' id='word_1_222' title='bbox 583 2321 807 2379; x_wconf 85' lang='lat' dir='ltr'><strong>reddita</strong></span> <span class='ocrx_word' id='word_1_223' title='bbox 831 2322 892 2379; x_wconf 90' lang='lat' dir='ltr'>D</span> <span class='ocrx_word' id='word_1_224' title='bbox 961 2326 1104 2377; x_wconf 68' lang='lat' dir='ltr'><strong>&#39;ests</strong></span> <span class='ocrx_word' id='word_1_225' title='bbox 1176 2320 1358 2386; x_wconf 87' lang='lat' dir='ltr'><strong>Nam,</strong></span> <span class='ocrx_word' id='word_1_226' title='bbox 1389 2336 1573 2394; x_wconf 89' lang='lat' dir='ltr'><strong>quum</strong></span> <span class='ocrx_word' id='word_1_227' title='bbox 1602 2328 1801 2393; x_wconf 88' lang='lat' dir='ltr'><strong>captos</strong></span> <span class='ocrx_word' id='word_1_228' title='bbox 1842 2338 1903 2375; x_wconf 86' lang='lat' dir='ltr'><strong>se</strong></span> <span class='ocrx_word' id='word_1_229' title='bbox 1946 2317 2245 2394; x_wconf 85' lang='lat' dir='ltr'><strong>tingentos</strong></span> <span class='ocrx_word' id='word_1_230' title='bbox 2272 2336 2345 2377; x_wconf 82' lang='lat' dir='ltr'><strong>ex</strong></span> 
     </span>
     <span class='ocr_line' id='line_1_27' title="bbox 165 2397 2342 2475; baseline 0.001 -22"><span class='ocrx_word' id='word_1_231' title='bbox 165 2397 312 2470; x_wconf 80' lang='lat' dir='ltr'><strong>plebe</strong></span> <span class='ocrx_word' id='word_1_232' title='bbox 339 2401 410 2457; x_wconf 72' lang='lat' dir='ltr'><strong>ad</strong></span> <span class='ocrx_word' id='word_1_233' title='bbox 432 2400 906 2475; x_wconf 48' lang='lat' dir='ltr'><strong>‘suppliciumed</strong></span> <span class='ocrx_word' id='word_1_234' title='bbox 949 2406 1173 2464; x_wconf 85' lang='lat' dir='ltr'><strong>cerunt,</strong></span> <span class='ocrx_word' id='word_1_235' title='bbox 1201 2414 1354 2454; x_wconf 88' lang='lat' dir='ltr'><strong>unus</strong></span> <span class='ocrx_word' id='word_1_236' title='bbox 1382 2415 1611 2464; x_wconf 87' lang='lat' dir='ltr'><strong>eorum,</strong></span> <span class='ocrx_word' id='word_1_237' title='bbox 1638 2416 1673 2453; x_wconf 91' lang='lat' dir='ltr'><strong>e</strong></span> <span class='ocrx_word' id='word_1_238' title='bbox 1698 2398 1920 2453; x_wconf 85' lang='lat' dir='ltr'><strong>vincuh</strong></span> <span class='ocrx_word' id='word_1_239' title='bbox 1984 2400 2238 2471; x_wconf 59' lang='lat' dir='ltr'><strong>elapsus„</strong></span> <span class='ocrx_word' id='word_1_240' title='bbox 2270 2399 2342 2457; x_wconf 87' lang='lat' dir='ltr'><strong>ad</strong></span> 
     </span>
     <span class='ocr_line' id='line_1_28' title="bbox 163 2456 2345 2555; baseline 0.002 -26"><span class='ocrx_word' id='word_1_241' title='bbox 163 2478 490 2536; x_wconf 83' lang='lat' dir='ltr'><strong>vestibulum</strong></span> <span class='ocrx_word' id='word_1_242' title='bbox 513 2479 796 2555; x_wconf 83' lang='lat' dir='ltr'><strong>confugit</strong></span> <span class='ocrx_word' id='word_1_243' title='bbox 821 2456 1048 2539; x_wconf 52' lang='lat' dir='ltr'><strong>Cereris</strong></span> <span class='ocrx_word' id='word_1_244' title='bbox 1078 2477 1386 2549; x_wconf 81' lang='lat' dir='ltr'><strong>Legiferae,</strong></span> <span class='ocrx_word' id='word_1_245' title='bbox 1417 2484 1477 2533; x_wconf 90' lang='lat' dir='ltr'><strong>et</strong></span> <span class='ocrx_word' id='word_1_246' title='bbox 1496 2477 1819 2549; x_wconf 82' lang='lat' dir='ltr'><strong>prehensos</strong></span> <span class='ocrx_word' id='word_1_247' title='bbox 1846 2477 2112 2542; x_wconf 75' lang='lat' dir='ltr'><strong>annulOS,</strong></span> <span class='ocrx_word' id='word_1_248' title='bbox 2130 2473 2345 2550; x_wconf 62' lang='lat' dir='ltr'><strong>quibus</strong></span> 
     </span>
     <span class='ocr_line' id='line_1_29' title="bbox 164 2554 2344 2633; baseline 0.002 -24"><span class='ocrx_word' id='word_1_249' title='bbox 164 2555 458 2615; x_wconf 67' lang='lat' dir='ltr'><strong>adtrahitur</strong></span> <span class='ocrx_word' id='word_1_250' title='bbox 507 2566 700 2633; x_wconf 87' lang='lat' dir='ltr'><strong>porta,</strong></span> <span class='ocrx_word' id='word_1_251' title='bbox 729 2556 975 2625; x_wconf 80' lang='lat' dir='ltr'><strong>firini&#39;ter</strong></span> <span class='ocrx_word' id='word_1_252' title='bbox 1017 2554 1234 2613; x_wconf 50' lang='lat' dir='ltr'><strong>tenuit.»</strong></span> <span class='ocrx_word' id='word_1_253' title='bbox 1297 2554 1455 2611; x_wconf 85' lang='lat' dir='ltr'><strong>Tum</strong></span> <span class='ocrx_word' id='word_1_254' title='bbox 1494 2564 1635 2611; x_wconf 82' lang='lat' dir='ltr'><strong>vero</strong></span> <span class='ocrx_word' id='word_1_255' title='bbox 1662 2555 1770 2623; x_wconf 86' lang='lat' dir='ltr'><strong>illi,</strong></span> <span class='ocrx_word' id='word_1_256' title='bbox 1798 2572 1983 2628; x_wconf 87' lang='lat' dir='ltr'><strong>quum</strong></span> <span class='ocrx_word' id='word_1_257' title='bbox 2011 2554 2344 2613; x_wconf 80' lang='lat' dir='ltr'><strong>abstrahere</strong></span> 
     </span>
     <span class='ocr_line' id='line_1_30' title="bbox 164 2632 2435 2709; baseline -0.001 -21"><span class='ocrx_word' id='word_1_258' title='bbox 164 2632 436 2695; x_wconf 81' lang='lat' dir='ltr'><strong>hominem</strong></span> <span class='ocrx_word' id='word_1_259' title='bbox 481 2652 610 2694; x_wconf 88' lang='lat' dir='ltr'><strong>non</strong></span> <span class='ocrx_word' id='word_1_260' title='bbox 639 2636 918 2703; x_wconf 84' lang='lat' dir='ltr'><strong>valerent,</strong></span> <span class='ocrx_word' id='word_1_261' title='bbox 967 2652 1204 2693; x_wconf 87' lang='lat' dir='ltr'><strong>manus.</strong></span> <span class='ocrx_word' id='word_1_262' title='bbox 1229 2636 1286 2691; x_wconf 87' lang='lat' dir='ltr'><strong>ei</strong></span> <span class='ocrx_word' id='word_1_263' title='bbox 1326 2634 1738 2707; x_wconf 76' lang='lat' dir='ltr'><strong>praeciderunt,</strong></span> <span class='ocrx_word' id='word_1_264' title='bbox 1782 2635 2081 2709; x_wconf 87' lang='lat' dir='ltr'><strong>atque·ita</strong></span> <span class='ocrx_word' id='word_1_265' title='bbox 2124 2634 2341 2691; x_wconf 69' lang='lat' dir='ltr'><strong>eduxe-a·</strong></span> <span class='ocrx_word' id='word_1_266' title='bbox 2431 2671 2435 2676; x_wconf 85' lang='lat'>.</span> 
     </span>
     <span class='ocr_line' id='line_1_31' title="bbox 164 2712 2339 2787; baseline 0 -18"><span class='ocrx_word' id='word_1_267' title='bbox 164 2722 318 2770; x_wconf 76' lang='lat' dir='ltr'><strong>runtz</strong></span> <span class='ocrx_word' id='word_1_268' title='bbox 355 2724 416 2772; x_wconf 91' lang='lat' dir='ltr'><strong>et</strong></span> <span class='ocrx_word' id='word_1_269' title='bbox 457 2732 675 2773; x_wconf 86' lang='lat' dir='ltr'><strong>manus</strong></span> <span class='ocrx_word' id='word_1_270' title='bbox 703 2716 820 2771; x_wconf 74' lang='lat' dir='ltr'>111ae</span> <span class='ocrx_word' id='word_1_271' title='bbox 845 2716 1082 2787; x_wconf 81' lang='lat' dir='ltr'><strong>annulis</strong></span> <span class='ocrx_word' id='word_1_272' title='bbox 1109 2712 1492 2771; x_wconf 84' lang='lat' dir='ltr'><strong>inhaerebant.</strong></span> <span class='ocrx_word' id='word_1_273' title='bbox 2008 2780 2017 2787; x_wconf 43' lang='grc'><em>,</em></span> <span class='ocrx_word' id='word_1_274' title='bbox 2082 2746 2089 2753; x_wconf 85' lang='grc'><strong>-</strong></span> <span class='ocrx_word' id='word_1_275' title='bbox 2330 2742 2339 2753; x_wconf 88' lang='lat'><strong>·</strong></span> 
     </span>
     <span class='ocr_line' id='line_1_32' title="bbox 165 2792 2344 2867; baseline 0 -18"><span class='ocrx_word' id='word_1_276' title='bbox 165 2814 172 2827; x_wconf 82' lang='lat'><strong>·</strong></span> <span class='ocrx_word' id='word_1_277' title='bbox 227 2796 316 2851; x_wconf 76' lang='lat'><strong>92.</strong></span> <span class='ocrx_word' id='word_1_278' title='bbox 335 2794 504 2853; x_wconf 65' lang='lat' dir='ltr'><strong>*Huee</strong></span> <span class='ocrx_word' id='word_1_279' title='bbox 553 2796 630 2850; x_wconf 84' lang='lat' dir='ltr'><strong>in·</strong></span> <span class='ocrx_word' id='word_1_280' title='bbox 661 2798 724 2851; x_wconf 79' lang='lat' dir='ltr'><strong>se</strong></span> <span class='ocrx_word' id='word_1_281' title='bbox 769 2794 1054 2851; x_wconf 82' lang='lat' dir='ltr'><strong>invicem·</strong></span> <span class='ocrx_word' id='word_1_282' title='bbox 1081 2792 1384 2867; x_wconf 82' lang='lat' dir='ltr'><strong>AEginetae</strong></span> <span class='ocrx_word' id='word_1_283' title='bbox 1442 2792 1773 2865; x_wconf 85' lang='lat' dir='ltr'><strong>patrabant.</strong></span> <span class='ocrx_word' id='word_1_284' title='bbox 1881 2792 2175 2867; x_wconf 87' lang='lat' dir='ltr'><strong>Superati·</strong></span> <span class='ocrx_word' id='word_1_285' title='bbox 2205 2810 2344 2865; x_wconf 54' lang='lat' dir='ltr'><strong>vero</strong></span> 
     </span>
     <span class='ocr_line' id='line_1_33' title="bbox 160 2871 2347 2945; baseline 0.002 -20"><span class='ocrx_word' id='word_1_286' title='bbox 160 2886 342 2945; x_wconf 83' lang='lat' dir='ltr'><strong>pugna</strong></span> <span class='ocrx_word' id='word_1_287' title='bbox 380 2874 592 2931; x_wconf 84' lang='lat' dir='ltr'><strong>navali·</strong></span> <span class='ocrx_word' id='word_1_288' title='bbox 625 2874 702 2929; x_wconf 86' lang='lat' dir='ltr'><strong>ab</strong></span> <span class='ocrx_word' id='word_1_289' title='bbox 737 2871 1220 2938; x_wconf 46' lang='lat' dir='ltr'><strong>*Atheniensibuffi</strong></span> <span class='ocrx_word' id='word_1_290' title='bbox 1265 2871 1366 2944; x_wconf 89' lang='lat' dir='ltr'><strong>qui</strong></span> <span class='ocrx_word' id='word_1_291' title='bbox 1401 2888 1541 2927; x_wconf 87' lang='lat' dir='ltr'><strong>cum</strong></span> <span class='ocrx_word' id='word_1_292' title='bbox 1578 2871 1956 2945; x_wconf 81' lang='lat' dir='ltr'><strong>septuaginta</strong></span> <span class='ocrx_word' id='word_1_293' title='bbox 1996 2872 2347 2929; x_wconf 84' lang='lat' dir='ltr'><strong>advenerant</strong></span> 
     </span>
     <span class='ocr_line' id='line_1_34' title="bbox 161 2947 2347 3024; baseline 0.001 -21"><span class='ocrx_word' id='word_1_294' title='bbox 161 2951 406 3019; x_wconf 78' lang='lat' dir='ltr'><strong>navibus,</strong></span> <span class='ocrx_word' id='word_1_295' title='bbox 461 2949 758 3009; x_wconf 82' lang='lat' dir='ltr'><strong>auxilium</strong></span> <span class='ocrx_word' id='word_1_296' title='bbox 808 2952 1102 3024; x_wconf 76' lang='lat' dir='ltr'><strong>petierunt</strong></span> <span class='ocrx_word' id='word_1_297' title='bbox 1151 2948 1226 3005; x_wconf 88' lang='lat' dir='ltr'><strong>ab</strong></span> <span class='ocrx_word' id='word_1_298' title='bbox 1271 2947 1492 3005; x_wconf 86' lang='lat' dir='ltr'><strong>eisdem</strong></span> <span class='ocrx_word' id='word_1_299' title='bbox 1536 2966 1684 3022; x_wconf 85' lang='lat' dir='ltr'><strong>quos</strong></span> <span class='ocrx_word' id='word_1_300' title='bbox 1735 2950 1881 3006; x_wconf 89' lang='lat' dir='ltr'><strong>olim</strong></span> <span class='ocrx_word' id='word_1_301' title='bbox 1932 2950 2347 3007; x_wconf 82' lang='lat' dir='ltr'><strong>invocaverant</strong></span> 
     </span>
     <span class='ocr_line' id='line_1_35' title="bbox 160 3025 2349 3104; baseline 0.001 -21"><span class='ocrx_word' id='word_1_302' title='bbox 160 3027 387 3103; x_wconf 74' lang='lat' dir='ltr'><strong>Argivis.</strong></span> <span class='ocrx_word' id='word_1_303' title='bbox 440 3032 547 3088; x_wconf 79' lang='lat' dir='ltr'><strong>-At</strong></span> <span class='ocrx_word' id='word_1_304' title='bbox 573 3032 636 3086; x_wconf 83' lang='lat' dir='ltr'><strong>hi</strong></span> <span class='ocrx_word' id='word_1_305' title='bbox 663 3028 898 3104; x_wconf 84' lang='lat' dir='ltr'><strong>quidem</strong></span> <span class='ocrx_word' id='word_1_306' title='bbox 927 3025 1056 3099; x_wconf 88' lang='lat' dir='ltr'><strong>jam</strong></span> <span class='ocrx_word' id='word_1_307' title='bbox 1097 3026 1318 3085; x_wconf 82' lang='lat' dir='ltr'><strong>auxilio</strong></span> <span class='ocrx_word' id='word_1_308' title='bbox 1357 3045 1477 3084; x_wconf 88' lang='lat' dir='ltr'><strong>non</strong></span> <span class='ocrx_word' id='word_1_309' title='bbox 1514 3032 1836 3095; x_wconf 62' lang='lat' dir='ltr'><strong>venerunt,</strong></span> <span class='ocrx_word' id='word_1_310' title='bbox 1880 3029 2097 3101; x_wconf 84' lang='lat' dir='ltr'><strong>quippe</strong></span> <span class='ocrx_word' id='word_1_311' title='bbox 2139 3028 2349 3085; x_wconf 86' lang='lat' dir='ltr'><strong>offensi</strong></span> 
     </span>
     <span class='ocr_line' id='line_1_36' title="bbox 159 3105 2344 3183; baseline -0.001 -20"><span class='ocrx_word' id='word_1_312' title='bbox 159 3124 220 3163; x_wconf 82' lang='lat' dir='ltr'><strong>eo</strong></span> <span class='ocrx_word' id='word_1_313' title='bbox 240 3108 595 3182; x_wconf 72' lang='lat' dir='ltr'><strong>quod‘nm&#39;re‘s</strong></span> <span class='ocrx_word' id='word_1_314' title='bbox 622 3108 1001 3183; x_wconf 82' lang='lat' dir='ltr'><strong>AEginenses,</strong></span> <span class='ocrx_word' id='word_1_315' title='bbox 1028 3108 1090 3163; x_wconf 83' lang='lat' dir='ltr'><strong>vi</strong></span> <span class='ocrx_word' id='word_1_316' title='bbox 1117 3106 1358 3181; x_wconf 87' lang='lat' dir='ltr'><strong>quidem</strong></span> <span class='ocrx_word' id='word_1_317' title='bbox 1385 3114 1603 3163; x_wconf 75' lang='lat' dir='ltr'><strong>coactae</strong></span> <span class='ocrx_word' id='word_1_318' title='bbox 1623 3126 1659 3162; x_wconf 89' lang='lat' dir='ltr'><strong>a</strong></span> <span class='ocrx_word' id='word_1_319' title='bbox 1682 3105 2023 3171; x_wconf 83' lang='lat' dir='ltr'><strong>Cleomene,</strong></span> <span class='ocrx_word' id='word_1_320' title='bbox 2052 3105 2125 3161; x_wconf 89' lang='lat' dir='ltr'><strong>ad</strong></span> <span class='ocrx_word' id='word_1_321' title='bbox 2154 3108 2344 3183; x_wconf 85' lang='lat' dir='ltr'><strong>Argo·-</strong></span> 
     </span>
     <span class='ocr_line' id='line_1_37' title="bbox 159 3183 2345 3263; baseline 0.002 -25"><span class='ocrx_word' id='word_1_322' title='bbox 159 3184 316 3245; x_wconf 79' lang='lat' dir='ltr'><strong>iidem</strong></span> <span class='ocrx_word' id='word_1_323' title='bbox 337 3188 708 3263; x_wconf 71' lang='lat' dir='ltr'><strong>adpulerant.</strong></span> <span class='ocrx_word' id='word_1_324' title='bbox 721 3196 958 3253; x_wconf 87' lang='lat' dir='ltr'><strong>terram,</strong></span> <span class='ocrx_word' id='word_1_325' title='bbox 985 3194 1046 3244; x_wconf 88' lang='lat' dir='ltr'><strong>et</strong></span> <span class='ocrx_word' id='word_1_326' title='bbox 1068 3186 1369 3261; x_wconf 80' lang='lat' dir='ltr'><strong>AEginetae</strong></span> <span class='ocrx_word' id='word_1_327' title='bbox 1409 3202 1532 3241; x_wconf 82' lang='lat' dir='ltr'><strong>una</strong></span> <span class='ocrx_word' id='word_1_328' title='bbox 1570 3202 1707 3241; x_wconf 81' lang='lat' dir='ltr'><strong>cum</strong></span> <span class='ocrx_word' id='word_1_329' title='bbox 1754 3183 2217 3241; x_wconf 75' lang='lat' dir='ltr'><strong>Lacedaemoniis</strong></span> <span class='ocrx_word' id='word_1_330' title='bbox 2245 3201 2345 3242; x_wconf 63' lang='lat' dir='ltr'><strong>exv·</strong></span> 
     </span>
     <span class='ocr_line' id='line_1_38' title="bbox 157 3262 2344 3339; baseline 0.003 -22"><span class='ocrx_word' id='word_1_331' title='bbox 157 3268 506 3339; x_wconf 80' lang='lat' dir='ltr'><strong>scensionem</strong></span> <span class='ocrx_word' id='word_1_332' title='bbox 554 3266 835 3339; x_wconf 75' lang='lat' dir='ltr'><strong>fecerant.</strong></span> <span class='ocrx_word' id='word_1_333' title='bbox 927 3266 1001 3323; x_wconf 86' lang='lat' dir='ltr'><strong>In</strong></span> <span class='ocrx_word' id='word_1_334' title='bbox 1055 3265 1259 3321; x_wconf 87' lang='lat' dir='ltr'><strong>eadem</strong></span> <span class='ocrx_word' id='word_1_335' title='bbox 1307 3270 1505 3320; x_wconf 83' lang='lat' dir='ltr'><strong>autem</strong></span> <span class='ocrx_word' id='word_1_336' title='bbox 1554 3264 1891 3335; x_wconf 74' lang='lat' dir='ltr'><strong>incursione</strong></span> <span class='ocrx_word' id='word_1_337' title='bbox 1944 3262 2124 3319; x_wconf 84' lang='lat' dir='ltr'><strong>simul</strong></span> <span class='ocrx_word' id='word_1_338' title='bbox 2166 3264 2344 3325; x_wconf 79' lang='lat' dir='ltr'><strong>etiam</strong></span> 
     </span>
     <span class='ocr_line' id='line_1_39' title="bbox 157 3339 2343 3418; baseline 0.001 -21"><span class='ocrx_word' id='word_1_339' title='bbox 157 3339 391 3416; x_wconf 74' lang='lat' dir='ltr'><strong>Sicyonii</strong></span> <span class='ocrx_word' id='word_1_340' title='bbox 415 3347 602 3403; x_wconf 73' lang='lat' dir='ltr'><strong>suis&#39;e</strong></span> <span class='ocrx_word' id='word_1_341' title='bbox 629 3345 870 3401; x_wconf 70' lang='lat' dir='ltr'><strong>navibus</strong></span> <span class='ocrx_word' id='word_1_342' title='bbox 897 3343 1330 3400; x_wconf 74' lang='lat' dir='ltr'><strong>exscenderant.</strong></span> <span class='ocrx_word' id='word_1_343' title='bbox 1409 3342 1609 3404; x_wconf 80' lang='lat' dir='ltr'><strong>Quare</strong></span> <span class='ocrx_word' id='word_1_344' title='bbox 1638 3342 1929 3398; x_wconf 84' lang='lat' dir='ltr'><strong>ambobus</strong></span> <span class='ocrx_word' id='word_1_345' title='bbox 1956 3342 2343 3418; x_wconf 77' lang='lat' dir='ltr'><strong>Argivi-mqu</strong></span> 
     </span>
     <span class='ocr_line' id='line_1_40' title="bbox 156 3420 2345 3501; baseline 0.001 -24"><span class='ocrx_word' id='word_1_346' title='bbox 156 3428 304 3479; x_wconf 74' lang='lat' dir='ltr'><strong>etam-</strong></span> <span class='ocrx_word' id='word_1_347' title='bbox 329 3425 704 3501; x_wconf 57' lang='lat' dir='ltr'><strong>*it-rogarunt}</strong></span> <span class='ocrx_word' id='word_1_348' title='bbox 747 3422 910 3479; x_wconf 83' lang='lat' dir='ltr'><strong>mille</strong></span> <span class='ocrx_word' id='word_1_349' title='bbox 939 3422 1210 3487; x_wconf 74' lang='lat' dir='ltr'><strong>talenta,</strong></span> <span class='ocrx_word' id='word_1_350' title='bbox 1253 3421 1493 3495; x_wconf 84' lang='lat' dir='ltr'><strong>utrique</strong></span> <span class='ocrx_word' id='word_1_351' title='bbox 1534 3421 1757 3493; x_wconf 85' lang='lat' dir='ltr'><strong>populo</strong></span> <span class='ocrx_word' id='word_1_352' title='bbox 1812 3421 2183 3497; x_wconf 81' lang='lat' dir='ltr'><strong>quingenta.·</strong></span> <span class='ocrx_word' id='word_1_353' title='bbox 2262 3420 2345 3497; x_wconf 79' lang='lat' dir='ltr'><strong>Et</strong></span> 
     </span>
     <span class='ocr_line' id='line_1_41' title="bbox 157 3494 2344 3578; baseline 0.002 -25"><span class='ocrx_word' id='word_1_354' title='bbox 157 3496 392 3576; x_wconf 74' lang='lat' dir='ltr'><strong>Sicyonii</strong></span> <span class='ocrx_word' id='word_1_355' title='bbox 438 3498 1132 3578; x_wconf 40' lang='lat' dir='ltr'><strong>quidemr-agnoscentes</strong></span> <span class='ocrx_word' id='word_1_356' title='bbox 1181 3494 1400 3569; x_wconf 81' lang='lat' dir='ltr'><strong>injuste</strong></span> <span class='ocrx_word' id='word_1_357' title='bbox 1437 3500 1775 3566; x_wconf 49' lang='lat' dir='ltr'><strong>sest-fecisse,</strong></span> <span class='ocrx_word' id='word_1_358' title='bbox 1818 3501 1970 3573; x_wconf 86' lang='lat' dir='ltr'><strong>pacti</strong></span> <span class='ocrx_word' id='word_1_359' title='bbox 2022 3510 2157 3557; x_wconf 87' lang='lat' dir='ltr'><strong>sunt</strong></span> <span class='ocrx_word' id='word_1_360' title='bbox 2206 3516 2344 3558; x_wconf 85' lang='lat' dir='ltr'><strong>cum</strong></span> 
     </span>
     <span class='ocr_line' id='line_1_42' title="bbox 157 3577 2341 3655; baseline 0.001 -22"><span class='ocrx_word' id='word_1_361' title='bbox 157 3577 392 3655; x_wconf 78' lang='lat' dir='ltr'><strong>Argivis,</strong></span> <span class='ocrx_word' id='word_1_362' title='bbox 417 3590 516 3648; x_wconf 78' lang='lat' dir='ltr'><strong>ut,</strong></span> <span class='ocrx_word' id='word_1_363' title='bbox 547 3582 752 3637; x_wconf 84' lang='lat' dir='ltr'><strong>solutis</strong></span> <span class='ocrx_word' id='word_1_364' title='bbox 778 3586 1015 3637; x_wconf 87' lang='lat' dir='ltr'><strong>centum</strong></span> <span class='ocrx_word' id='word_1_365' title='bbox 1041 3579 1299 3643; x_wconf 88' lang='lat' dir='ltr'><strong>talentis,</strong></span> <span class='ocrx_word' id='word_1_366' title='bbox 1328 3577 1553 3651; x_wconf 82' lang='lat' dir='ltr'><strong>reliqua</strong></span> <span class='ocrx_word' id='word_1_367' title='bbox 1590 3594 1825 3634; x_wconf 86' lang='lat' dir='ltr'><strong>summa</strong></span> <span class='ocrx_word' id='word_1_368' title='bbox 1853 3579 1992 3653; x_wconf 83' lang='lat' dir='ltr'><strong>ipsis</strong></span> <span class='ocrx_word' id='word_1_369' title='bbox 2020 3580 2341 3635; x_wconf 87' lang='lat' dir='ltr'><strong>remittere·</strong></span> 
     </span>
     <span class='ocr_line' id='line_1_43' title="bbox 155 3657 2345 3737; baseline 0.002 -26"><span class='ocrx_word' id='word_1_370' title='bbox 155 3662 282 3730; x_wconf 58' lang='lat' dir='ltr'><strong>tur-3</strong></span> <span class='ocrx_word' id='word_1_371' title='bbox 314 3660 789 3737; x_wconf 69' lang='lat' dir='ltr'><strong>AEg&#39;inetae&#39;·vero</strong></span> <span class='ocrx_word' id='word_1_372' title='bbox 810 3658 1052 3732; x_wconf 69' lang='lat' dir='ltr'><strong>&#39;culpam</strong></span> <span class='ocrx_word' id='word_1_373' title='bbox 1079 3674 1199 3714; x_wconf 88' lang='lat' dir='ltr'><strong>non</strong></span> <span class='ocrx_word' id='word_1_374' title='bbox 1226 3663 1640 3731; x_wconf 85' lang='lat' dir='ltr'><strong>agnoscentes,</strong></span> <span class='ocrx_word' id='word_1_375' title='bbox 1664 3657 2037 3729; x_wconf 82' lang='lat' dir='ltr'><strong>pertinaciter</strong></span> <span class='ocrx_word' id='word_1_376' title='bbox 2060 3658 2345 3715; x_wconf 84' lang='lat' dir='ltr'><strong>detrecta-</strong></span> 
     </span>
     <span class='ocr_line' id='line_1_44' title="bbox 153 3735 2348 3808; baseline 0 -18"><span class='ocrx_word' id='word_1_377' title='bbox 153 3746 355 3797; x_wconf 73' lang='lat' dir='ltr'><strong>verunt</strong></span> <span class='ocrx_word' id='word_1_378' title='bbox 377 3738 722 3797; x_wconf 56' lang='lat' dir='ltr'><strong>inuit-tamn*</strong></span> <span class='ocrx_word' id='word_1_379' title='bbox 767 3739 965 3799; x_wconf 81' lang='lat' dir='ltr'><strong>Quam</strong></span> <span class='ocrx_word' id='word_1_380' title='bbox 993 3736 1072 3793; x_wconf 89' lang='lat' dir='ltr'><strong>ob</strong></span> <span class='ocrx_word' id='word_1_381' title='bbox 1097 3742 1361 3791; x_wconf 74' lang='lat' dir='ltr'><strong>caussam</strong></span> <span class='ocrx_word' id='word_1_382' title='bbox 1387 3749 1545 3790; x_wconf 87' lang='lat' dir='ltr'><strong>nunc</strong></span> <span class='ocrx_word' id='word_1_383' title='bbox 1568 3736 1708 3800; x_wconf 83' lang='lat' dir='ltr'><strong>illis,</strong></span> <span class='ocrx_word' id='word_1_384' title='bbox 1736 3735 1954 3791; x_wconf 81' lang='lat' dir='ltr'><strong>auxilia</strong></span> <span class='ocrx_word' id='word_1_385' title='bbox 1979 3735 2348 3808; x_wconf 72' lang='lat' dir='ltr'><strong>rogantibus»,</strong></span> 
     </span>
     <span class='ocr_line' id='line_1_45' title="bbox 152 3812 2344 3889; baseline -0.001 -17"><span class='ocrx_word' id='word_1_386' title='bbox 152 3816 929 3886; x_wconf 65' lang='lat' dir='ltr'><strong>&#39;publico-nominenullaab</strong></span> <span class='ocrx_word' id='word_1_387' title='bbox 955 3812 1190 3889; x_wconf 64' lang='lat' dir='ltr'><strong>Argivis</strong></span> <span class='ocrx_word' id='word_1_388' title='bbox 1215 3814 1402 3869; x_wconf 72' lang='lat' dir='ltr'><strong>missa·</strong></span> <span class='ocrx_word' id='word_1_389' title='bbox 1419 3822 1580 3880; x_wconf 81' lang='lat' dir='ltr'><strong>sunt,</strong></span> <span class='ocrx_word' id='word_1_390' title='bbox 1607 3813 1707 3870; x_wconf 89' lang='lat' dir='ltr'><strong>sed</strong></span> <span class='ocrx_word' id='word_1_391' title='bbox 1748 3815 2067 3869; x_wconf 84' lang='lat' dir='ltr'><strong>voluntarii</strong></span> <span class='ocrx_word' id='word_1_392' title='bbox 2097 3813 2179 3887; x_wconf 85' lang='lat' dir='ltr'><strong>eis</strong></span> <span class='ocrx_word' id='word_1_393' title='bbox 2204 3818 2344 3889; x_wconf 61' lang='lat' dir='ltr'><strong>supss</strong></span> 
     </span>
     <span class='ocr_line' id='line_1_46' title="bbox 155 3892 2344 3966; baseline 0 -16"><span class='ocrx_word' id='word_1_394' title='bbox 155 3896 324 3965; x_wconf 83' lang='lat' dir='ltr'><strong>petias</strong></span> <span class='ocrx_word' id='word_1_395' title='bbox 363 3898 584 3954; x_wconf 82' lang='lat' dir='ltr'><strong>venere</strong></span> <span class='ocrx_word' id='word_1_396' title='bbox 615 3894 1191 3961; x_wconf 54' lang='lat' dir='ltr'><strong>‘mmevadmodum3</strong></span> <span class='ocrx_word' id='word_1_397' title='bbox 1236 3892 1445 3966; x_wconf 86' lang='lat' dir='ltr'><strong>quibus</strong></span> <span class='ocrx_word' id='word_1_398' title='bbox 1484 3892 1612 3948; x_wconf 81' lang='lat' dir='ltr'><strong>dux</strong></span> <span class='ocrx_word' id='word_1_399' title='bbox 1650 3892 1907 3966; x_wconf 79' lang='lat' dir='ltr'><strong>praefuit·</strong></span> <span class='ocrx_word' id='word_1_400' title='bbox 1924 3892 2015 3947; x_wconf 85' lang='lat' dir='ltr'><strong>vir</strong></span> <span class='ocrx_word' id='word_1_401' title='bbox 2054 3902 2344 3965; x_wconf 79' lang='lat' dir='ltr'><strong>strenuus,</strong></span> 
     </span>
     <span class='ocr_line' id='line_1_47' title="bbox 155 3969 2343 4051; baseline 0 -25"><span class='ocrx_word' id='word_1_402' title='bbox 155 3976 382 4032; x_wconf 77' lang='lat' dir='ltr'><strong>nomine</strong></span> <span class='ocrx_word' id='word_1_403' title='bbox 425 3975 777 4051; x_wconf 62' lang='lat' dir='ltr'><strong>Eurybates,</strong></span> <span class='ocrx_word' id='word_1_404' title='bbox 802 3973 902 4046; x_wconf 82' lang='lat' dir='ltr'><strong>qui</strong></span> <span class='ocrx_word' id='word_1_405' title='bbox 950 3971 1392 4046; x_wconf 84' lang='lat' dir='ltr'><strong>quinquertium</strong></span> <span class='ocrx_word' id='word_1_406' title='bbox 1435 3979 1788 4027; x_wconf 79' lang='lat' dir='ltr'><strong>exercuerat.</strong></span> <span class='ocrx_word' id='word_1_407' title='bbox 1873 3969 2113 4031; x_wconf 80' lang='lat' dir='ltr'><strong>Horum</strong></span> <span class='ocrx_word' id='word_1_408' title='bbox 2145 3973 2343 4030; x_wconf 82' lang='lat' dir='ltr'><strong>auteni</strong></span> 
     </span>
     <span class='ocr_line' id='line_1_48' title="bbox 151 4042 2346 4127; baseline 0.001 -20"><span class='ocrx_word' id='word_1_409' title='bbox 151 4050 401 4127; x_wconf 60' lang='lat' dir='ltr'><strong>plerique</strong></span> <span class='ocrx_word' id='word_1_410' title='bbox 428 4042 898 4118; x_wconf 70' lang='lat' dir='ltr'><strong>non&#39;re&#39;rlierunt,</strong></span> <span class='ocrx_word' id='word_1_411' title='bbox 927 4051 1029 4108; x_wconf 89' lang='lat' dir='ltr'><strong>sed</strong></span> <span class='ocrx_word' id='word_1_412' title='bbox 1055 4050 1132 4107; x_wconf 89' lang='lat' dir='ltr'><strong>ab</strong></span> <span class='ocrx_word' id='word_1_413' title='bbox 1156 4049 1612 4106; x_wconf 84' lang='lat' dir='ltr'><strong>Atheniensibus</strong></span> <span class='ocrx_word' id='word_1_414' title='bbox 1638 4050 1699 4104; x_wconf 83' lang='lat' dir='ltr'><strong>in</strong></span> <span class='ocrx_word' id='word_1_415' title='bbox 1732 4048 1951 4123; x_wconf 86' lang='lat' dir='ltr'><strong>AEgina</strong></span> <span class='ocrx_word' id='word_1_416' title='bbox 1978 4056 2125 4105; x_wconf 88' lang='lat' dir='ltr'><strong>sunt</strong></span> <span class='ocrx_word' id='word_1_417' title='bbox 2165 4048 2346 4109; x_wconf 85' lang='lat' dir='ltr'><strong>inter-</strong></span> 
     </span>
     <span class='ocr_line' id='line_1_49' title="bbox 153 4120 2347 4211; baseline 0.001 -27"><span class='ocrx_word' id='word_1_418' title='bbox 153 4126 318 4201; x_wconf 58' lang='lat' dir='ltr'><strong>fecti3</strong></span> <span class='ocrx_word' id='word_1_419' title='bbox 364 4134 450 4204; x_wconf 73' lang='lat' dir='ltr'><strong>iti·</strong></span> <span class='ocrx_word' id='word_1_420' title='bbox 471 4120 568 4201; x_wconf 68' lang='lat' dir='ltr'><strong>iris</strong></span> <span class='ocrx_word' id='word_1_421' title='bbox 599 4132 735 4199; x_wconf 61' lang='lat' dir='ltr'><strong>dux</strong></span> <span class='ocrx_word' id='word_1_422' title='bbox 773 4129 1124 4205; x_wconf 73' lang='lat' dir='ltr'><strong>Eurybates,</strong></span> <span class='ocrx_word' id='word_1_423' title='bbox 1143 4136 1501 4211; x_wconf 48' lang='lat' dir='ltr'><strong>‘postquam‘</strong></span> <span class='ocrx_word' id='word_1_424' title='bbox 1526 4126 1819 4204; x_wconf 84' lang='lat' dir='ltr'><strong>singulari</strong></span> <span class='ocrx_word' id='word_1_425' title='bbox 1864 4128 2179 4187; x_wconf 77' lang='lat' dir='ltr'><strong>certamine</strong></span> <span class='ocrx_word' id='word_1_426' title='bbox 2224 4138 2347 4188; x_wconf 76' lang='lat' dir='ltr'><strong>tres</strong></span> 
     </span>
    </p>
   </div>
  </div>
 </body>
</html>
