2925 4992
1080 245 1453 309 URANIA,
2253 254 2370 312 398

187 402 225 427 “
252 395 581 457 etiamnunc
602 400 1021 479 persequendo,
1044 408 1219 461 recta'
1238 402 1314 461 ad
1340 396 1802 479 Hellespontum
1836 404 2214 483 dirigendum
2239 426 2368 481 esse

186 480 222 505 “
248 493 495 545 cursum,
556 490 880 557 pontesque
927 482 1393 540 rescindendos.”
1474 484 1553 539 At
1598 484 1952 543 contrariam
2011 488 2364 547 sententiam

180 550 518 629 Eurybiades
568 562 890 635 proposuit,
934 558 1168 619 dicens:
1216 567 1265 593 “
1292 562 1343 617 si
1386 559 1756 620 rescidissent
1792 570 2022 638 pontes,
2071 566 2184 621 hoc
2235 567 2363 641 ipso

182 633 403 711 “longe
441 638 773 696 maximam
824 639 1219 697 calamitatem
1248 640 1470 697 Graecis
1497 640 1805 699 inlaturos,
1883 642 2066 708 Nam,
2097 644 2146 700 si
2175 642 2380 719 inter«,

184 712 431 771 “clusus
470 714 645 773 Persa
686 726 999 793 cogeretur
1046 719 1108 775 in
1158 718 1399 793 Europa
1442 737 1707 788 manere,
1736 738 1974 795 operam
2018 721 2190 779 illum
2234 742 2359 781 esse

176 796 217 823 “
242 788 505 849 daturum
528 801 600 851 ut
622 814 945 871 numquam
960 797 1217 871 quietem
1244 806 1384 872 agat
1398 821 1416 868 3
1447 800 1752 873 quoniam,
1779 800 1828 855 si
1852 800 2109 873 quietem
2132 811 2354 877 ageret,

178 874 214 899 “
240 870 375 927 nihil
393 889 633 935 ¹suarum
662 893 859 933 rerum
888 884 1275 949 promoveret,
1302 893 1492 951 neque
1529 878 1748 933 reditus
1789 878 1844 934 ei
1888 877 2046 935 ullus
2089 880 2357 937 ostende-

177 952 213 979 “
235 956 403 1019 retur,
430 960 491 1007 et
515 951 672 1009 fame
716 956 1010 1029 periturus
1058 962 1211 1010 esset
1253 954 1411 1011 illius
1455 956 1765 1013 exercitus·
1843 956 2120 1013 Molienti
2162 970 2360 1017 autem

173 1031 211 1058 “
232 1027 460 1103 aliquid,
488 1040 550 1087 et
574 1030 746 1089 rebus
786 1032 1057 1109 gerendis
1104 1032 1310 1089 sedulo
1356 1052 1596 1109 operam
1643 1034 1834 1105 danti,
1874 1036 2072 1091 omnia
2106 1036 2361 1111 Europae

172 1110 209 1136 “
232 1108 785 1185 oppidanmnesque
810 1110 1063 1187 populos
1100 1128 1433 1169 accessuros
1471 1110 1672 1183 videri,
1701 1114 1825 1170 sive
1867 1112 2025 1171 bello
2063 1114 2357 1183 subactos,

172 1184 347 1243 “sive
388 1186 687 1265 deditione
737 1190 798 1245 in
843 1198 1107 1265 tempore
1145 1188 1301 1247 facta
1320 1215 1339 1263 3
1384 1199 1444 1247 et
1490 1190 1769 1249 alimento
1812 1190 2080 1249 hostibus
2131 1194 2379 1251 futuros·

172 1267 207 1293 “
230 1281 345 1321 esse
370 1282 594 1323 annuos
618 1267 961 1337 Graecorum
989 1266 1239 1327 fructus.
1302 1268 1357 1324 E
1381 1270 1698 1337 contrario,
1721 1286 1905 1343 quum
1931 1288 2132 1347 pugna
2161 1274 2355 1329 navali

171 1346 205 1371 “
231 1343 411 1401 victus
439 1344 617 1403 Persa
639 1364 758 1403 non
792 1348 1062 1405 videatur
1090 1346 1147 1402 in
1180 1346 1419 1421 Europa
1444 1366 1784 1415 mansurus,
1814 1346 2075 1423 permitti
2101 1349 2154 1405 ei
2180 1369 2356 1427 opor·

169 1425 205 1449 “
231 1429 343 1479 tere
383 1432 451 1480 ut
497 1424 718 1499 fugiat,
746 1425 931 1483 donec
974 1443 1139 1481 suam
1188 1425 1249 1481 in
1290 1433 1506 1483 terram
1555 1427 1700 1503 fuga
1739 1429 2068 1503 pervenerit
2087 1452 2106 1499 3
2152 1428 2360 1487 deinde

168 1502 357 1557 “vero
401 1502 475 1559 de
518 1504 751 1577 propria
779 1504 963 1579 ipsius
989 1511 1143 1563 terra
1184 1522 1317 1560 cum
1360 1505 1465 1561 illo
1494 1504 1970 1561 ‹lecertandum.''
2060 1506 2234 1564 Hanc
2282 1498 2368 1567 ad'

162 1581 490 1639 sententiam
516 1591 889 1639 accesserunt
916 1580 1271 1656 reliquorum
1296 1583 1474 1639 etiam
1499 1582 2060 1659 Peloponnesiorum
2091 1584 2283 1643 duces·

236 1660 359 1715 109.
398 1653 491 1716 Ibi
536 1669 683 1718 tunc
720 1658 1169 1727 ThemistocleS,
1198 1670 1511 1735 postquam
1558 1654 1850 1719 intellexit
1884 1680 1946 1719 se
1983 1656 2194 1733 majori
2239 1664 2352 1721 ‹lu-

161 1751 278 1794 cum
307 1756 557 1797 numero
586 1739 933 1813 persuadere
962 1757 1085 1796 non
1114 1756 1286 1814 posse
1313 1749 1381 1797 ut
1406 1740 1470 1795 in
1499 1740 1958 1814 Hellespontum
1985 1743 2351 1819 navigarent,

161 1824 371 1875 mutato
395 1818 647 1875 consilio
674 1818 1051 1889 Athenienses
1078 1818 1279 1875 adiens
1324 1818 1569 1895 (quippe
1617 1821 1716 1896 qui
1761 1814 2035 1895 effugisse
2077 1822 2356 1882 barbaros

160 1896 445 1969 aegerrime
492 1895 787 1963 ferebant,
837 1905 895 1952 ct
943 1896 1055 1973 ipsi
1108 1898 1285 1952 etiam
1340 1916 1445 1973 per
1499 1914 1585 1963 se,
1639 1898 1692 1953 si
1737 1898 1946 1973 reliqui
1996 1899 2243 1966 nollent,
2291 1902 2351 1957 in

160 1970 603 2049 Hellespontum
658 1975 971 2050 cupiebant
1023 1972 1326 2051 navigare)
1380 1976 1506 2033 haec
1554 1972 1712 2053 apu'd
1778 1972 1878 2033 e'os
1937 1978 2120 2033 verba
2170 1978 2349 2035 fecit:

159 2055 199 2081 “
223 2049 511 2127 Equidem
544 2054 745 2111 multis
788 2070 942 2127 saepe
982 2049 1319 2125 hujusmodi
1362 2056 1536 2111 rebus
1582 2053 1839 2119 interfui,
1866 2063 1926 2111 et
1951 2058 2142 2114 multo
2185 2056 2354 2131 plura

158 2130 345 2187 “talia
389 2132 673 2189 accidisse
717 2132 913 2189 audivi
933 2157 951 2203 3
1022 2151 1232 2207 nempe
1283 2132 1441 2190 viros
1489 2132 1562 2189 ad
1613 2134 2020 2190 necessitatem
2063 2134 2350 2203 redactos,
2425 2130 2429 2135 ’

157 2212 194 2239 “
214 2218 521 2285 postquam
554 2211 691 2266 victi
731 2219 951 2281 essent,
986 2211 1334 2267 instaurasse
1378 2228 1665 2285 pugnam,
1693 2219 1752 2266 et
1795 2212 2152 2285 superiorem
2183 2231 2349 2289 repa-

156 2290 192 2317 “
219 2306 361 2346 rasse
386 2290 808 2347 calamitatem.
888 2288 1015 2345 Nos
1046 2306 1205 2354 vero,
1224 2296 1538 2363 postquam
1558 2306 1631 2343 ex
1658 2288 1949 2363 insperato
1973 2297 2032 2344 et
2061 2306 2169 2345 nos
2197 2292 2349 2367 ipsos

159 2368 194 2443 Τ
219 2377 275 2424 et
298 2368 617 2435 Graeciam,
643 2368 876 2441 repulsa
902 2374 1065 2425 tanta
1088 2366 1395 2425 hominum
1438 2366 1612 2435 nube,
1645 2367 2026 2435 servavimus,
2051 2366 2350 2445 fugientes

156 2448 193 2475 “
217 2446 362 2503 viros
387 2464 464 2504 ne
518 2446 973 2521 persequamur!
1005 2444 1146 2502 'Nec
1189 2445 1349 2501 enim
1392 2462 1501 2501 nos
1543 2444 1668 2504 haec
1709 2444 2084 2519 perfecimus,
2119 2448 2220 2505 sed
2265 2448 2350 2504 dii

155 2528 196 2554 “
218 2533 379 2599 atque
406 2514 661 2595 he'roes'3
706 2525 806 2600 qui
837 2524 1157 2587 noluerunt
1182 2541 1369 2580 unum
1399 2525 1592 2580 virum
1623 2522 1800 2579 simul
1823 2523 1978 2581 Asiae
2001 2534 2060 2601 et
2092 2522 2346 2604 Europae

155 2607 194 2631 “
217 2598 519 2679 imperare,
546 2604 798 2678 impium
826 2603 999 2661 illum
1022 2611 1081 2659 et
1104 2602 1403 2659 nefarium
1428 2627 1445 2671 3
1489 2602 1592 2675 qui
1617 2610 1800 2659 sacra·
1819 2610 1879 2659 et
1918 2602 2164 2678 profana
2189 2606 2345 2679 pari-

155 2685 192 2710 “
217 2688 299 2738 ter
322 2682 564 2759 insuper
593 2681 823 2747 habuit,
848 2688 907 2738 et
934 2681 1247 2739 simulacra
1283 2680 1528 2739 deorum
1561 2676 1770 2737 evertit
1798 2680 2213 2756 cremavi'tque,
2239 2684 2346 2756 qui

156 2764 198 2789 “
224 2778 376 2819 mare
418 2764 603 2819 etiam
645 2756 893 2837 flagellis
940 2758 1175 2827 cecidit,
1202 2767 1261 2817 et
1305 2760 1616 2833 compedes
1664 2760 1726 2815 in
1767 2758 1913 2817 iliud
1955 2756 2184 2830 dejecit.
2267 2762 2350 2841 At,

156 2842 197 2867 “
222 2856 386 2907 nunc,
414 2857 606 2917 quum
648 2839 797 2896 bene
840 2856 930 2895 res
982 2847 1199 2895 nostrae
1243 2836 1526 2907 habeant,
1553 2854 1895 2895 maneamus
1924 2838 1982 2893 in
2009 2840 2256 2907 Graecia',
2284 2848 2348 2897 et

155 2920 195 2947 “
221 2927 483 2979 nostrum
512 2920 778 2993 ipsorum
808 2914 1280 2995 familiarumque
1308 2924 1655 2974 nostrarum*
1680 2932 1875 2973 curam
1919 2934 2193 2993 geramus
2218 2943 2236 2991 3
2282 2928 2344 2977 et

152 2996 189 3025 “
217 2998 356 3055 aedes
383 3016 519 3056 suas
563 2998 810 3073 quisque
854 2994 1093 3064 reficiat,
1123 3004 1181 3051 et
1224 2997 1477 3053 sementi
1503 2994 1784 3051 faciendae
1823 2994 2026 3052 sedulo
2055 2996 2151 3053 det
2196 3008 2350 3071 ope-¹

153 3076 194 3105 “
220 3093 359 3144 ram,
405 3084 725 3153 postquam
773 3075 1087 3131 barbarum
1139 3092 1379 3149 prorsus
1431 3069 1814 3143 ejecerimusz
1859 3075 2091 3131 ineunte
2139 3074 2350 3133 autem·

151 3154 189 3184 “
213 3172 341 3213 vere
363 3154 424 3213 in
444 3156 908 3229 Hellespontum
933 3160 993 3210 et
1016 3154 1080 3209 in
1102 3150 1335 3210 Ioniam
1356 3150 1696 3231 navigemus
1717 3150 1772 3207 !”
1816 3149 1962 3209 Haec
1985 3152 2084 3209 ille
2109 3152 2346 3212 locutus

150 3239 231 3289 est
250 3233 360 3291 hoc
384 3235 660 3299 consili0‚
678 3240 743 3291 ut
756 3233 1019 3310 gratiam
1044 3230 1199 3305 apud
1220 3232 1460 3289 Persam
1485 3234 1548 3289 in
1575 3230 1845 3289 futurum
1867 3238 2102 3307 tempus
2125 3232 2296 3289 iniret
2317 3242 2346 3305 3¹

147 3325 279 3383 quc,
306 3313 356 3371 si
401 3314 479 3373 ab
507 3307 965 3371 Atheniensibus
1004 3309 1233 3368 adversi
1276 3309 1497 3384 aliquid
1543 3312 1598 3369 ei
1647 3308 1971 3378 accidisset,
1995 3308 2348 3389 perfugium

148 3386 374 3451 haberet
396 3410 415 3449 z
458 3392 619 3469 quod
647 3390 885 3467 quidem
913 3390 967 3446 ei
995 3388 1178 3447 etiam
1203 3406 1319 3446 usu
1344 3390 1523 3446 venit.

220 3473 346 3531 110.
366 3470 543 3529 -Haec
585 3471 778 3528 dicens
812 3468 1263 3535 Themistocles,
1291 3468 1520 3543 decepit
1547 3464 1928 3526 Athenienses
1952 3488 1965 3524 ε
2012 3476 2074 3526 at
2097 3468 2182 3525 illi
2209 3482 2340 3526 mo·

144 3562 259 3607 rem
283 3552 337 3609 ei
357 3556 694 3631 gesserunt.
772 3547 1073 3612 Quoniam
1098 3546 1274 3612 enim,
1304 3564 1486 3621 quum
1525 3540 1653 3617 jam
1705 3552 1878 3603 antea
1915 3548 2148 3621 sapiens
2186 3556 2340 3605 esset

142 3620 388 3699 habitus,
417 3646 615 3705 nuper
642 3646 703 3685 re
726 3626 855 3703 ipsa
879 3623 1112 3700 sapiens
1138 3633 1199 3683 et
1224 3627 1435 3699 plenus
1456 3624 1686 3682 consilii
1711 3633 1838 3681 erat
1857 3634 2136 3705 repertus,
2163 3622 2342 3683 facile

141 3701 301 3766 dictis
327 3706 459 3783 eius
484 3725 748 3783 paruere.
827 3700 1144 3779 Postquam
1184 3703 1244 3760 hi
1290 3704 1475 3779 igitur
1513 3704 1588 3760 ab
1629 3702 1733 3762 illo
1773 3706 2035 3779 persuasi
2073 3704 2339 3773 fuemnt,

140 3786 423 3845 continuo
465 3784 677 3843 deinde
720 3784 876 3841 viros
932 3802 1070 3841 cum
1121 3784 1359 3857 navigio
1408 3782 1655 3850 dimisit,
1700 3780 1845 3859 quos
1885 3782 2141 3839 confisus
2188 3791 2335 3849 erat,

140 3863 361 3927 etiam-i
384 3866 670 3925 omnibus
691 3863 994 3923 tormentis
1011 3858 1427 3929 cruciarentur,
1449 3861 1728 3918 tacituros
1745 3859 2026 3918 mandata
2043 3858 2115 3917 ad
2137 3876 2337 3937 regem

136 3940 469 4014 deferenda,
495 3961 749 4020 quorum
778 3942 839 4000 in
864 3960 1109 3999 numero
1135 3942 1347 3998 iterum
1374 3940 1636 3997 famulus
1669 3940 1859 4017 ipsius
1887 3936 2158 3997 Sicinnus
2188 3945 2337 3997 erat.

136 4018 217 4080 Hi
240 4024 343 4083 ubi
373 4024 449 4085 ad
480 4022 738 4081 Atticam
774 4038 1113 4096 pervenere,
1146 4017 1384 4094 reliquis
1426 4020 1489 4075 in
1534 4036 1688 4075 nave
1726 4018 2119 4087 manentibus,
2150 4018 2356 4077 sicin·-

137 4116 242 4159 nus
270 4102 601 4175 exscendit,
624 4108 685 4161 et
704 4101 830 4169 haec
854 4096 1009 4179 apud
1034 4098 1302 4171 Xerxem
1330 4097 1708 4173 verbafecit:
1755 4103 1803 4129 “
1822 4096 1995 4158 Misit
2033 4111 2134 4163 me
2174 4098 2334 4166 The·

1180 4180 1218 4234 3
1248 4194 1284 4234 r:
