2925 4992
987 340 1500 403 POLYMNIA.
2219 348 2333 404 321

176 497 313 557 fecit.
385 500 585 576 Itaque
622 518 800 559 naves
838 510 1101 569 cunctas,
1133 512 1443 578 postquam
1472 500 1788 561 Doriscum
1828 518 2159 577 pervenere,
2192 520 2339 577 prae-

175 576 298 637 fecti
333 582 562 638 navium
592 576 770 651 jussu
793 580 1009 638 Xerxis
1049 581 1122 637 ad
1161 581 1329 638 littus
1357 583 1608 639 Dorisco
1648 582 1995 658 contiguum
2038 581 2338 655 adplicue-

175 667 331 730 runt3
362 678 474 735 quo
500 660 558 715 in
587 659 782 716 littore
809 669 896 716 est
921 659 1052 717 Sale
1083 661 1363 737 oppidum
1396 659 1921 727 Samothracicum,
1948 667 2007 716 et
2034 660 2242 731 Zona;
2278 662 2339 717 in

173 737 284 811 ipsa
306 756 437 795 vero
464 740 828 797 extremitate
869 748 956 795 est
989 739 1325 805 Serrheum,
1355 740 1582 796 celebre
1620 740 2125 813 promontorium:
2174 740 2340 815 regio

173 816 281 873 haec
301 827 485 874 autem
513 818 654 873 olim
683 818 844 875 sedes
877 818 1070 875 fuerat
1096 818 1399 874 Ciconum.
1482 818 1617 875 Hoc
1642 818 1713 875 ad
1743 819 1906 875 littus
1933 820 2205 893 adpulsas
2235 836 2339 874 na-

172 889 264 961 ves.
298 892 353 953 in
396 905 606 953 terram
650 898 1079 964 subduxerunt,
1119 897 1599 971 refeceruntque:
1652 905 1712 953 et
1756 915 1859 971 per
1908 898 2063 954 idem
2102 906 2339 972 tempus

172 971 372 1031 Xerxes
397 976 456 1031 in
483 974 736 1032 Dorisco
764 994 1074 1033 numerum
1100 975 1273 1031 inivit
1299 993 1539 1032 suarum
1566 976 1885 1050 copiarum.

236 1056 322 1111 60.
359 1056 693 1115 Quemnam
730 1054 964 1128 quidem
1007 1054 1265 1111 militum
1303 1072 1613 1111 numerum
1644 1055 1893 1128 populus
1920 1056 2167 1131 quisque
2196 1072 2339 1112 con-

169 1130 362 1198 tulerit,
387 1142 586 1190 exacte
626 1132 863 1190 definire
907 1150 1023 1189 non
1067 1150 1327 1207 possum,
1358 1151 1464 1190 nec
1491 1134 1647 1189 enim
1680 1135 1755 1188 ab
1779 1134 1904 1189 ullo
1946 1136 2184 1192 homine
2226 1134 2341 1191 hoc

169 1222 535 1279 memoratur:
580 1215 819 1269 universi
843 1229 983 1268 vero
1009 1215 1271 1269 exercitus
1296 1212 1589 1269 multitudo
1627 1220 1853 1285 reperta
1875 1220 1965 1269 est
1989 1212 2172 1271 fuisse
2199 1231 2337 1272 cen-

167 1294 275 1343 tum
300 1300 354 1347 et
373 1292 745 1367 septuaginta
763 1290 1108 1362 myriadum.
1149 1292 1450 1348 Numerus
1468 1300 1666 1353 autem
1692 1292 1871 1348 initus
1894 1299 1981 1348 est
2002 1293 2114 1348 hoc
2138 1292 2338 1351 modo·

165 1363 223 1423 In
245 1385 426 1427 unum
452 1370 653 1426 locum
683 1379 1120 1447 congregarunt
1139 1370 1340 1427 decem
1366 1370 1675 1427 hominum
1706 1370 1910 1449 millia,
1929 1370 2135 1444 hisque
2156 1388 2337 1446 quam

165 1446 459 1505 arctissime
483 1448 615 1505 fieri
657 1456 884 1522 poterat
909 1446 1253 1523 constipatis
1281 1448 1566 1506 circulum
1601 1457 1892 1505 extrorsus
1920 1449 2337 1507 circumduxe-

163 1533 316 1597 runt:
357 1528 585 1595 deinde,
615 1527 870 1585 dimissis
901 1527 990 1583 his
1018 1526 1218 1584 decem
1249 1528 1532 1591 millibus,
1562 1528 1874 1583 maceriem
1902 1528 1962 1583 in
1989 1528 2207 1585 circulo
2236 1546 2339 1585 ex-

163 1610 470 1663 struxerunt
510 1624 585 1663 ea
623 1606 953 1673 altitudine,
981 1614 1048 1662 ut
1087 1605 1438 1665 umbilicum
1480 1606 1807 1683 adtingeret
1845 1607 2121 1665 hominia.
2200 1608 2339 1670 Quo

161 1680 315 1750 facto,
350 1684 490 1741 alios
535 1686 688 1741 intra
727 1684 1194 1743 circumductum
1235 1702 1474 1742 murum
1512 1684 1758 1741 introire
1788 1681 2110 1755 jusserunt,
2148 1685 2341 1760 donec

163 1762 405 1820 omnium
431 1782 750 1821 numerum
791 1764 903 1819 hoc
930 1764 1109 1820 modo
1148 1764 1430 1821 iniissent.
1514 1764 1673 1821 Inito
1702 1780 1969 1836 numero,
2003 1782 2107 1840 per
2147 1781 2339 1839 popu·

161 1837 236 1897 los
258 1844 570 1901 exercitum
603 1843 1020 1899 discreverunt.

198 1984 206 1989 ,
230 1922 314 1975 61.
355 1921 547 1979 Erant
573 1930 768 1977 autem
798 1922 997 1996 populi
1023 1920 1342 1977 militantes
1367 1917 1448 1978 hi.
1532 1921 1733 1989 Pcrsae,
1763 1922 1876 1979 hoc
1912 1924 2091 1980 modo
2118 1924 2339 1981 instru-

163 1998 246 2068 cti.
318 1996 384 2057 In
409 2002 604 2075 capite
630 2000 812 2073 pileos
840 1999 1155 2077 gestabant
1183 2017 1297 2055 non
1325 2008 1681 2074 compactos,
1711 2019 1859 2075 quos
1886 2005 2059 2059 tiaras
2082 2009 2297 2059 vocant
2320 2017 2341 2057 ε

162 2075 294 2146 circa
329 2096 562 2154 corpus,
593 2079 822 2143 tunicas
859 2080 1184 2135 manicatas
1209 2080 1364 2149 'varii
1399 2080 1631 2147 coloris,
1666 2082 1752 2153 [et
1791 2080 2029 2155 loricas]
2065 2081 2264 2137 ferreis
2305 2098 2341 2138 e

163 2158 394 2227 squamis
428 2160 487 2215 in
531 2158 782 2232 piscium
828 2157 1314 2215 similitudinem:
1359 2159 1511 2215 circa
1541 2177 1729 2226 crura,
1761 2160 1993 2216 braccas
2026 2183 2039 2216 ε
2085 2177 2192 2234 pro
2215 2154 2339 2234 cly'·

164 2235 267 2305 peis
292 2253 446 2305 vero,
475 2244 666 2294 crates
691 2237 990 2293 vimineas
1063 2238 1112 2293 A
1140 2244 1306 2311 tergo
1337 2254 1644 2311 suspensas
1674 2238 1967 2295 habebant
1994 2238 2293 2313 pharetras
2319 2259 2334 2294 ι
2396 2291 2401 2297 .

162 2311 323 2370 hastae
347 2316 554 2373 breves
584 2322 770 2382 erant,
800 2332 970 2372 arcus
997 2332 1133 2370 vero
1161 2315 1440 2386 grande3‚
1468 2316 1587 2371 tela
1612 2332 1686 2370 ex
1711 2316 2030 2374 arundine:
2059 2325 2342 2390 praeterea.

164 2392 224 2447 ad
241 2392 500 2453 dextrum
529 2394 728 2451 femur
754 2412 786 2450 e
810 2411 956 2450 zona
982 2410 1297 2466 suspensus
1321 2391 1505 2467 pugio
1533 2401 1675 2452 erat.
1718 2393 1861 2451 Dux
1888 2412 2093 2451 eorum
2115 2394 2341 2451 Otanes

161 2468 262 2527 fuit
295 2481 452 2545 pater
479 2472 848 2538 Amestridis,
875 2472 1074 2528 uxoris
1101 2470 1332 2528 Xerxis,
1415 2472 1500 2529 Hi
1535 2469 1676 2528 olim
1718 2490 1753 2529 a
1782 2472 2003 2531 Graecis
2034 2472 2339 2547 Cephenes

159 2552 617 2620 nominabantur,
645 2570 680 2607 a
706 2569 768 2607 se
796 2552 932 2626 ipsis
960 2568 1100 2607 vero
1128 2557 1188 2606 et
1216 2568 1250 2607 a
1279 2550 1551 2607 finitimis
1579 2551 1772 2607 Artaei.
1851 2551 2169 2625 Postquam
2198 2570 2339 2611 vero

161 2623 402 2699 Perseus,
438 2630 679 2689 Danaes
723 2637 783 2687 et
827 2628 995 2686 Jovis
1041 2629 1216 2695 filine,
1259 2630 1328 2685 ad
1376 2630 1681 2703 Cepheum
1726 2631 1912 2699 venit,
1950 2631 2081 2687 Beli
2121 2631 2339 2698 filium,

159 2704 408 2783 illiusque
435 2712 620 2768 filiam
647 2709 710 2765 in
741 2710 1121 2766 matriinonio
1162 2707 1371 2765 habuit
1397 2708 1856 2775 Andromedam,
1887 2718 2059 2766 natus
2088 2711 2140 2767 ei
2180 2708 2340 2767 filius

162 2792 258 2853 est,
283 2806 452 2862 quem
479 2790 702 2845 Persen
738 2788 1088 2853 nominavit,
1118 2796 1176 2843 et
1216 2786 1298 2842 ibi
1326 2788 1579 2861 reliquit,
1610 2805 1794 2861 quum
1833 2789 2159 2845 masculam
2197 2806 2339 2862 pro·

158 2861 261 2921 lem
289 2870 560 2943 Cepheus
589 2884 712 2924 non
756 2867 1028 2924 haberet:
1075 2865 1149 2921 ab
1179 2864 1394 2940 illoque
1433 2865 1570 2921 dein
1613 2883 1832 2922 nomen
1861 2867 2053 2923 Persae
2090 2868 2338 2925 invene-

159 2952 299 3001 runt.

190 3016 197 3024 ⁸
229 3027 312 3081 62.
353 3027 509 3083 Medi
537 3024 744 3083 eodem
783 3023 961 3081 modo
1003 3020 1274 3079 instructi
1319 3022 1691 3080 militabant:
1739 3030 1827 3079 est
1866 3024 2028 3081 enim
2068 3023 2338 3081 Medicus

160 3096 241 3159 hic
267 3105 478 3172 cultuS,
507 3122 628 3163 non
654 3104 938 3161 Persicus.
993 3100 1315 3158 Habebant
1343 3111 1542 3158 autem
1568 3099 1732 3157 Medi
1758 3101 1969 3159 ducem
1988 3102 2337 3178 Tigranem,

161 3194 222 3235 ex
258 3182 803 3243 Achaemenidarum
846 3181 1091 3238 familia.
1175 3180 1382 3235 Vocati
1435 3180 1501 3235 hi
1546 3188 1712 3237 erant
1756 3179 1898 3239 olim
1944 3183 2021 3238 ab
2062 3181 2339 3239 omnibus

160 3256 296 3317 Arii:
337 3281 408 3319 ex
447 3280 571 3338 quo
611 3279 750 3319 vero
778 3260 992 3317 Medea
1018 3258 1294 3317 Colchica
1317 3258 1565 3316 Athenis
1609 3259 1683 3315 ad
1725 3260 1833 3316 hos
1864 3260 2029 3318 Arios
2065 3261 2245 3331 venit,
2275 3260 2341 3317 hi

162 3352 370 3414 quoque
407 3358 626 3399 nomen
670 3357 843 3397 suum
884 3345 1226 3395 mutarunt:
1273 3345 1333 3393 et
1371 3339 1485 3395 hoc
1511 3338 1746 3411 quidem
1788 3338 1899 3413 ipsi
1922 3339 2085 3397 Medi
2115 3332 2341 3397 de‘sese

161 3431 489 3478 memorant.
581 3419 738 3475 Cissii
781 3418 1122 3484 militantes,
1169 3415 1393 3490 reliquo
1441 3416 1679 3491 quidem
1730 3416 1898 3474 cultu
1946 3419 2174 3486 eodem,
2219 3436 2341 3493 quo

161 3490 349 3565 Persae,
377 3500 734 3557 utebantur:
784 3515 887 3569 pro
929 3497 1094 3569 pileis
1121 3512 1261 3551 vero
1301 3498 1504 3553 mitras
1544 3495 1871 3571 gestabant.
1952 3498 2093 3555 Dux
2132 3514 2338 3555 eorum

161 3571 408 3649 Anapbes
437 3578 578 3645 fuit,
609 3577 820 3633 Otanis
850 3575 1022 3632 filius.
1103 3573 1541 3647 Hyrcaniorum
1568 3574 1761 3630 cultus
1792 3576 1941 3633 nihil
1968 3596 2003 3632 a
2030 3576 2339 3633 Persarum

161 3652 306 3710 cultu
333 3656 670 3713 differebat:
700 3654 938 3729 praefuit
959 3662 1160 3710 autem
1175 3654 1262 3709 his
1281 3654 1673 3728 Megapanus,
1696 3654 1799 3727 qui
1823 3664 2059 3731 postero
2075 3663 2341 3729 tempore

157 3728 482 3807 Babyloniae
513 3736 630 3791 fuit
653 3734 986 3809 praefectus.

225 3815 312 3867 63.
354 3816 574 3891 Assyrii
600 3810 942 3877 militanteS,
971 3811 1035 3867 in
1066 3811 1253 3885 capite
1292 3810 1609 3885 gestabant
1648 3810 1847 3886 galeas
1892 3829 2099 3877 aeneaS‚
2130 3808 2339 3867 barba·-

160 3886 265 3945 rico
290 3894 542 3965 quodam
569 3892 746 3949 modo
773 3909 878 3949 nec
906 3890 979 3948 ad
1005 3889 1451 3961 describendum
1476 3889 1634 3945 facili
1668 3890 1904 3965 plexas:
1949 3899 2112 3945 scuta
2138 3896 2339 3946 autem

159 3972 210 4021 et
235 3968 424 4028 hastas
457 3979 519 4029 et
558 3972 854 4047 pugiones
899 3970 1116 4027 similes
1161 3967 1457 4025 habebant
1496 3968 1834 4045 AEgyptiis3
1882 3977 2159 4043 praeterea
2199 3986 2341 4025 vero

160 4043 332 4113 clavas
359 4050 587 4127 ligneas
612 4050 811 4107 ferreis
839 4048 1007 4106 nodis
1034 4050 1315 4113 munitas,
1340 4054 1401 4103 et
1425 4046 1640 4104 linteas
1666 4048 1890 4103 loricas,
1948 4046 2031 4103 Hi
2059 4066 2093 4103 a
2118 4048 2339 4104 Graecis

161 4120 296 4199 Syn-ii
339 4124 724 4196 vocabantur,
775 4146 811 4183 a
863 4127 1126 4183 barbaris
1169 4143 1308 4182 vero
1351 4127 1588 4197 Assyrii.
1667 4124 1848 4181 Mixti
1897 4125 2117 4186 eisdem
2172 4137 2341 4185 erant

162 4200 426 4267 Chaldaei.
469 4220 476 4229 ·
504 4208 645 4268 Dux
669 4224 874 4267 eorum
902 4206 1148 4285 Otaspes
1173 4201 1314 4270 fuit,
1341 4204 1629 4264 Artachaei
1658 4198 1829 4263 filius.
2042 4218 2049 4223 ·

1199 4287 1239 4343 2
1267 4300 1306 4339 'r
