2925 4992
1125 315 1416 378 cL10.
2306 326 2377 382 18

159 491 200 517 “
227 483 414 542 etiam
461 481 608 538 alias
647 497 810 554 saepe
847 495 948 536 me
985 476 1268 535 continui.
1349 479 1527 536 Nunc
1570 495 1739 546 vero,
1777 479 2059 554 quoniam
2108 479 2219 537 tibi
2266 479 2381 536 hoc

161 569 199 598 “
225 562 394 619 cordi
424 569 540 630 est,
569 557 668 616 cui
697 567 936 633 gratum
977 558 1172 614 faeere
1201 559 1410 626 debeo,
1441 566 1679 632 paratus
1706 575 1837 615 sum
1868 559 2109 633 exsequi
2134 558 2379 615 manda*

161 650 198 676 “
227 650 404 698 tum:
454 650 640 713 tuque
683 639 874 694 filium
915 647 1110 704 tuum,
1137 655 1313 711 quem
1357 639 1651 694 custodire
1693 655 1787 694 me
1824 633 2023 707 jubes,
2054 639 2379 695 rediturum

161 729 200 756 “
231 737 360 777 esse
383 720 774 784 incolumem,
797 718 958 791 quod
981 717 1218 792 quidem
1237 734 1418 790 penes
1443 717 1753 773 custodem
1782 716 1983 783 fuerit,
2014 720 2353 790 exspecta.‘’

230 803 330 857 43.
375 799 530 855 Haec
552 807 866 872 postquam
898 797 1100 852 Croeso
1127 796 1226 854 ille
1255 796 1667 870 respondisset.
1696 796 2144 869 proficiscuntur
2170 793 2385 852 deinde

153 879 388 937 selectis
406 877 734 947 juvenibus
760 876 960 950 stipati
983 875 1368 950 canibusque.
1453 875 1575 931 Ubi
1614 874 1685 930 ad
1730 875 2057 962 Olympum
2100 891 2381 949 pervene-

153 948 314 1024 runt,
347 958 647 1031 indagant
683 956 962 1020 belluam,
993 962 1054 1010 et
1083 954 1384 1010 inventam
1425 952 1769 1011 circumfusi
1804 955 2020 1024 jaculis
2062 956 2383 1011 incessunt.

153 1035 244 1094 Ibi
271 1047 406 1092 tum
455 1037 688 1108 bospeS,
717 1035 872 1090 idem
914 1033 1014 1091 ille
1039 1034 1140 1107 qui
1182 1051 1218 1088 a
1257 1035 1414 1091 eoede
1443 1033 1639 1088 fuerat
1676 1039 1983 1106 purgatae,
2013 1033 2109 1090 cui
2134 1033 2383 1090 Adrasto

153 1134 404 1179 nomen,
451 1116 684 1172 vibrato
735 1115 796 1169 in
842 1129 1052 1186 aprum
1089 1108 1312 1182 jaculo,
1367 1114 1441 1168 ab
1490 1109 1589 1167 ino
1630 1112 1930 1176 aberrans,
1958 1113 2143 1168 Croesi
2192 1110 2383 1168 filium

151 1196 350 1252 feriit:
399 1204 580 1268 atque
601 1191 684 1249 ita
701 1193 823 1259 ille,
853 1192 1092 1264 cuspide
1119 1193 1288 1257 ictus,
1317 1192 1533 1248 somnii
1559 1191 1801 1246 effatum
1826 1189 2101 1264 explevit.
2202 1191 2379 1253 Quod

150 1276 388 1330 factum
439 1275 828 1331 nunciaturus
869 1271 1084 1344 aliquis
1127 1272 1332 1328 Croeso
1361 1271 1639 1336 cucurrit,
1668 1271 2035 1343 veniensque
2064 1269 2293 1339 Sardes,
2323 1279 2381 1327 et

151 1371 428 1428 pugnam
459 1355 516 1408 ei
541 1359 602 1407 et
629 1352 821 1412 fatum
847 1351 954 1406 filii
981 1351 1274 1406 indicavit.

235 1438 336 1488 44.
382 1434 644 1496 Croesus,
689 1439 878 1486 morte
917 1429 1026 1485 filii
1063 1436 1495 1494 consternatus,
1538 1433 1708 1484 tanto
1752 1429 1988 1502 gravius
2030 1445 2159 1485 eam
2214 1429 2376 1499 tulit,

159 1511 318 1584 quod
365 1513 416 1566 is
457 1529 596 1565 eum
625 1508 928 1565 occidisset
971 1525 1147 1584 quem
1177 1508 1302 1583 ipse
1329 1509 1665 1580 expiaverat
1704 1524 1741 1561 a
1782 1508 1954 1564 caede.
2034 1508 2113 1564 Et
2140 1507 2381 1566 calami-

159 1599 346 1646 tatem
404 1607 540 1646 eam
593 1589 938 1662 gravissime
988 1589 1341 1652 lamentam,
1395 1588 1612 1644 ,lovem
1642 1583 2019 1658 Expiatorem
2065 1588 2381 1655 invocavit,

160 1669 492 1725 testificans
519 1685 654 1740 quae
681 1667 756 1723 ab
785 1667 1014 1742 hospite
1039 1674 1192 1724 esset
1223 1683 1458 1739 passus5
1500 1673 1559 1722 et
1584 1663 1799 1725 Larem
1828 1682 2059 1738 quoque
2098 1673 2157 1721 et
2198 1667 2380 1722 Soda-

158 1748 360 1804 litium
401 1748 720 1812 invocavit,
762 1747 1032 1804 eumdem
1073 1745 1254 1801 deum
1297 1743 1619 1817 adpellem.
1699 1741 1933 1817 Nempe
1972 1744 2185 1800 Larem
2232 1746 2383 1812 (sive

159 1826 456 1883 Focorum
491 1826 824 1899 praesidem)
857 1825 1112 1890 vocavit,
1140 1823 1322 1896 quod,
1367 1839 1543 1896 quem
1587 1821 1880 1894 hospitem
1909 1823 2071 1880 domi
2116 1839 2239 1880 suae
2287 1843 2376 1882 re-

163 1915 418 1979 ceperat,
447 1903 724 1961 eumdem
754 1905 1064 1978 inprudens
1089 1903 1531 1958 interfectorem
1552 1902 1659 1957 filii
1700 1905 1792 1958 sui
1834 1900 2109 1960 aluisset:
2154 1903 2382 1962 Sodali-

159 1985 308 2043 tium
337 2003 506 2051 vero,
557 1983 739 2057 quod,
789 2000 966 2057 quem
1009 1982 1312 2040 custodem
1357 1977 1719 2052 adjunxisset
1766 1982 1891 2038 filio
1937 1999 2062 2049 su0,
2107 1983 2381 2044 eumdem

161 2059 640 2122 inimicissimum
673 2062 1161 2138 deprehendisset.
1275 2125 1282 2130 ,

141 2171 168 2190 κ
242 2149 344 2200 45.
390 2145 534 2199 Post
563 2144 688 2198 haec
715 2140 867 2216 Lydi
895 2154 1180 2201 venerunt
1219 2146 1468 2204 cadaver
1489 2145 1767 2216 ferenteS,
1812 2165 1958 2223 quos
1986 2163 2143 2224 pone
2172 2165 2381 2224 seque·

162 2228 336 2284 batur
363 2222 733 2279 interfector.
814 2221 896 2276 Et
939 2222 1034 2277 hic
1073 2225 1335 2296 quidem,
1379 2225 1481 2282 ubi
1524 2225 1732 2298 adfuit,
1779 2237 1941 2284 stans
1967 2234 2105 2283 ante
2134 2229 2384 2286 cadaver

161 2303 402 2362 tradidit
441 2319 568 2357 sese
596 2302 818 2366 croeso,
847 2315 1056 2356 manus
1095 2304 1474 2375 protendens,
1504 2323 1791 2381 oransque
1825 2315 1893 2362 ut
1920 2323 1982 2362 se
2010 2323 2185 2382 super
2210 2307 2383 2364 cada—

161 2403 300 2441 vere
339 2387 665 2450 mactaret3
713 2397 820 2434 non
845 2397 956 2435 esse
995 2381 1097 2436 sibi
1135 2385 1446 2450 vivendum,
1491 2381 1715 2451 dicens,
1748 2388 1861 2460 qui,
1884 2391 2013 2458 post
2049 2388 2381 2460 superiorem

163 2464 556 2526 calamitatem,
613 2461 944 2531 expiatorem
998 2461 1162 2518 etiam
1217 2481 1374 2518 suum
1423 2464 1761 2540 perdidisset.
1885 2463 2115 2525 Quibus
2166 2465 2382 2526 auditis

165 2546 423 2606 Croesus,
455 2545 628 2595 tanto
655 2539 794 2594 licet
821 2539 1144 2597 domestico
1171 2541 1231 2597 in
1259 2542 1442 2607 luctu,
1472 2544 1917 2600 commiseratus
1944 2553 2143 2600 tamen
2170 2543 2384 2602 Adras-

163 2631 313 2690 tum,
345 2620 490 2677 dixit
527 2617 658 2672 miz
702 2623 746 2649 “
776 2616 986 2673 Habeo
1032 2620 1135 2675 abs
1177 2629 1255 2685 te,
1295 2621 1528 2696 hospeS,
1572 2639 1809 2679 omnem
1848 2621 2197 2690 vindictam,
2237 2640 2385 2696 quo-

165 2709 210 2734 “
238 2702 404 2758 niam
455 2705 515 2754 te
543 2695 668 2770 ipse
695 2705 886 2752 morte
913 2698 1301 2770 condemnas3
1345 2717 1452 2756 nee
1497 2707 1561 2755 tu
1603 2701 1751 2757 mihi
1787 2697 1965 2772 hujus
2011 2702 2153 2759 mali
2182 2711 2387 2764 auctor

166 2787 208 2813 “
235 2798 318 2847 es,
349 2778 464 2835 nisi
491 2784 782 2850 quatenus
819 2776 1044 2834 invitus
1085 2777 1228 2834 illud
1259 2778 1475 2846 fecisti,
1527 2781 1626 2837 sed
1670 2781 1912 2837 deorum
1962 2777 2162 2838 nescio
2210 2782 2383 2857 quis,

169 2864 210 2891 “
236 2861 342 2934 qui
383 2857 539 2916 mihi
572 2851 926 2928 jampridem
972 2857 1086 2914 hoc
1131 2859 1402 2914 futurum
1449 2866 1592 2917 ante
1628 2859 2085 2936 significavit.”·
2150 2861 2385 2918 Croesus

165 2939 350 3014 igitur
363 2937 582 3000 fllium,
601 2941 776 3009 prout
793 2930 1026 3003 justum
1051 2945 1194 3003 erat,
1217 2937 1612 3010 sepeliendum
1633 2939 1872 2995 curavit.
1916 2937 2195 2995 Adrastus
2216 2957 2357 2996 vero
2362 2981 2381 3010 ,

167 3018 404 3075 Gordiae
443 3015 621 3081 filius,
649 3013 836 3069 Midae
861 3029 1065 3088 nepoS,
1108 3016 1204 3070 hic
1241 3015 1399 3072 idem
1427 3017 1528 3090 qui
1554 3025 1613 3073 et
1640 3017 1838 3074 fratris
1865 3017 1955 3074 sui
1982 3017 2173 3074 fuerat
2197 3019 2382 3074 inter-

164 3097 371 3164 fector,
415 3101 476 3150 et
517 3093 610 3149 sui
648 3093 983 3171 expiatoriS,
1013 3093 1114 3150 ubi
1139 3095 1441 3152 silentium
1470 3095 1587 3152 fuit
1633 3095 1943 3152 hominum
1994 3095 2148 3151 circa
2187 3095 2386 3172 sepul-

166 3193 354 3243 erum,
385 3189 720 3250 agnoscens
769 3189 832 3228 se
883 3189 1010 3229 esse
1047 3173 1357 3232 hominum
1388 3191 1535 3250 quos
1563 3171 1688 3248 ipse
1714 3175 1972 3230 novisset
2000 3174 2387 3232 calamitosis-

167 3257 407 3322 simum,
451 3269 630 3326 super
665 3250 842 3307 busto
870 3268 934 3307 se
966 3252 1090 3325 ipse
1114 3248 1434 3328 jugulavit.
1518 3253 1753 3310 Croesus
1778 3271 1942 3323 ver0,
1972 3252 2096 3310 filio
2124 3254 2384 3324 orbatus,

169 3334 311 3391 duos
339 3349 530 3390 annos
559 3331 787 3406 ingenti
811 3331 873 3385 in
901 3331 1070 3387 luctu
1097 3332 1336 3390 desedit.

241 3418 335 3469 46.
379 3409 490 3467 Sed
519 3409 766 3484 posthac
793 3410 1106 3482 imperium
1137 3412 1435 3488 Astyagis,
1465 3411 1747 3488 Cyaxarae
1772 3411 1904 3480 filii,
1941 3429 1977 3468 a
2018 3413 2171 3486 Cyro
2202 3413 2383 3471 Cam-

167 3491 320 3564 bysis
349 3491 483 3548 filio
508 3505 800 3555 eversum,
831 3505 1038 3564 resque
1065 3489 1369 3546 Persarum
1399 3499 1749 3557 crescenteS,
1775 3491 1959 3548 luctui
1992 3493 2177 3550 Croesi
2206 3493 2386 3551 finem

167 3569 452 3636 fecerunt,
484 3583 802 3642 curamque
821 3564 1145 3638 injecerunt
1164 3577 1222 3626 et
1247 3569 1693 3645 cogitationem,
1721 3570 1771 3626 si
1799 3587 1913 3646 qua
1941 3571 2163 3626 ratione
2190 3579 2388 3645 posset

167 3657 526 3707 crescentem
568 3645 876 3702 Persarum
917 3649 1270 3719 potentiam,
1312 3647 1655 3723 priusquam
1686 3650 1939 3706 nimium
1983 3649 2386 3719 invalesceret,

168 3745 448 3786 coercere.
529 3725 624 3782 Ab
662 3726 774 3780 hac
802 3725 986 3800 igitur
1012 3727 1366 3802 cogitatione
1410 3727 1609 3783 statim
1652 3735 1879 3785 tentare
1916 3729 2150 3786 oracula
2186 3729 2384 3803 coepit,

167 3817 286 3864 tum
316 3825 453 3884 qnae
481 3804 640 3880 apud
667 3801 906 3860 Graecos
929 3813 1116 3874 erant,
1148 3813 1277 3861 tum
1305 3805 1363 3862 id
1394 3805 1553 3880 quod
1595 3803 1657 3861 i'n
1700 3805 1891 3883 Libya
1921 3819 1943 3862 τ
1978 3808 2241 3880 aliosque
2266 3807 2384 3882 alio

167 3885 406 3954 dimisit,
431 3901 688 3960 quorum
717 3883 816 3938 alii
837 3883 1105 3958 Delphos
1129 3884 1303 3951 irent,
1333 3883 1433 3940 alii
1453 3884 1628 3950 Abas,
1646 3884 2042 3942 Phocensium
2071 3885 2382 3960 oppidum,

167 3965 258 4022 alii
307 3965 649 4025 Dodonam.
757 3961 874 4018 Alii
925 3963 1066 4018 item
1125 3961 1196 4018 ad
1252 3962 1673 4038 Amphiaraum
1729 3961 2141 4031 mittebantur,
2199 3972 2258 4021 et
2310 3965 2385 4022 ad

165 4041 569 4122 Trophonium
597 4067 615 4114 3
679 4039 780 4095 aiii
825 4041 901 4098 ad
947 4041 1304 4100 Branchidas
1357 4041 1595 4098 ditionis
1635 4041 1903 4099 Milesiae.
2005 4041 2151 4100 Haee
2179 4043 2386 4112 Graeca,

166 4127 298 4180 sunt
324 4121 589 4188 oracula,
617 4120 692 4176 ad
717 4136 854 4194 quae
879 4121 1114 4177 Croesus
1141 4121 1305 4180 misit
1331 4119 1691 4178 consulenda
1716 4137 1731 4174 z
1778 4117 1839 4176 in
1864 4119 2117 4195 Libyam
2146 4138 2284 4178 vero
2310 4121 2384 4180 ad

166 4201 572 4263 Hammonem
599 4199 746 4256 alios
771 4196 952 4267 misit,
970 4201 1072 4274 qui
1097 4199 1303 4257 abillo
1331 4217 1615 4274 responsa
1639 4207 1919 4274 peterent.
1998 4197 2167 4257 Misit
2187 4209 2384 4258 autem
