2925 4992
570 302 695 361 ⁴88
1168 287 1679 359 HERono‘rl
1743 284 2114 353 ms'ron.
2163 288 2275 350 IX.-

568 452 757 523 semel
777 450 1113 529 quotannis,
1138 450 1323 511 natali
1364 449 1522 529 regis
1545 448 1678 521 die3
1721 447 2041 507 et-Persico
2071 462 2342 507 sermone
2365 450 2513 519 tycta
2533 443 2731 515 dicitur,
2759 394 2764 397 ι

572 532 735 609 quod
786 530 1129 590 Groecorum
1176 529 1383 607 lingua
1427 525 1624 595 τῖλειω,
1663 526 1724 585 id
1770 534 1860 585 est
1905 524 2238 602 perfectum,
2269 524 2594 601 significat3
2639 542 2735 597 quo

571 610 754 669 etiam
779 610 875 667 die
900 618 1131 669 tantum
1169 627 1271 667 rex
1296 608 1413 667 sibi
1449 614 1628 683 eaput
1665 614 1994 682 smegmate
2020 606 2299 679 detergit,
2323 612 2383 659 et
2409 620 2635 661 munera
2655 603 2738 659 dat

572 688 767 749 Persis
788 687 835 759 ε)
878 688 991 746 hoe
1028 688 1217 765 igitur
1254 687 1566 745 observato
1605 682 1700 741 die
1725 684 2010 743 Amestris
2053 683 2222 759 petiit
2257 701 2298 739 a
2319 681 2532 751 Xerxe,
2554 689 2616 739 nt
2647 681 2738 737 sibi

575 766 903 832 traderetur
925 784 1074 824 uxor
1098 763 1383 824 Masistoe.
1460 762 1574 821 Ille
1597 780 1740 820 vero
1759 760 1888 821 ²rem
1925 771 2184 820 atrocem
2211 768 2270 819 et
2295 759 2590 836 indignam
2607 754 2742 830 judi-

576 844 758 914 eavit,
778 862 1025 903 uxorem
1048 846 1317 921 germani
1344 842 1433 899 illi
1455 841 1708 909 tradere,
1724 858 1970 916 eamque
1992 841 2218 899 nullam
2233 834 2412 911 hujus
2437 839 2519 894 rei
2541 838 2744 911 culpam

574 922 891 983 habentem
908 938 931 981 a
972 922 1343 981 intellexerat
1366 921 1528 981 enim
1555 936 1659 979 cur
1692 920 1850 979 hanc
1888 918 1992 978 illa
2028 920 2143 977 sibi
2186 916 2530 975 tradendam
2566 922 2742 991 postu·

574 1002 746 1061 latet.

660 1084 799 1137 111.
836 1078 1281 1147 Verumtamen,
1308 1096 1492 1153 quum
1524 1077 1626 1135 illa
1655 1076 1950 1152 postulare
1975 1093 2094 1134 non
2121 1082 2396 1143 cessaret,
2419 1076 2546 1149 ipse
2575 1083 2745 1131 autem

574 1158 713 1235 lege
752 1165 1069 1224 teneretur,
1095 1174 1227 1231 quae
1264 1156 1506 1215 vetabat
1543 1174 1746 1233 regem
1779 1150 2082 1213 Persarum
2123 1172 2343 1230 negare
2384 1152 2652 1227 quidquid
2685 1150 2748 1209 ab

576 1238 703 1305 illo,
728 1236 967 1313 quando
1008 1237 1173 1311 regia
1206 1253 1375 1293 onena
1410 1236 1708 1310 proposita
1735 1240 1842 1298 est,
1871 1232 2223 1307 postulatur,
2251 1240 2550 1305 postremo
2573 1230 2748 1289 admo-

578 1314 723 1373 dum
766 1314 1001 1389 quidem
1048 1314 1266 1371 invitus
1306 1312 1600 1389 indulget.
1673 1310 1918 1369 Tradita
1953 1328 2094 1369 vero
2135 1310 2404 1379 muliere,
2445 1311 2554 1367 hoe
2591 1308 2748 1365 feeit:

577 1411 823 1453 uxorem
840 1388 1039 1463 jussit,
1064 1410 1199 1467 quae
1224 1392 1427 1460 vellet,
1454 1391 1644 1449 facere
1669 1406 1686 1447 ε
1727 1390 1852 1463 ipse
1879 1407 2016 1447 vero
2050 1390 2292 1447 fratrem
2317 1390 2394 1445 ad
2420 1406 2484 1445 se
2509 1395 2751 1445 vocatum

576 1472 671 1531 his
715 1472 909 1529 verbis
956 1471 1330 1545 compellavit
1355 1486 1374 1526 z
1435 1476 1480 1502 “
1510 1470 1758 1527 Masista
1782 1468 1795 1524 ἔ
1841 1476 1912 1527 tu
1953 1467 2122 1525 Darii
2169 1464 2326 1525 filius
2375 1484 2465 1537 es,
2503 1480 2754 1537 mensque

578 1557 623 1583 “
652 1550 870 1607 frater:
914 1548 989 1605 ad
1026 1548 1151 1607 haec
1176 1548 1269 1605 vir
1296 1548 1488 1605 bonus
1515 1558 1574 1605 et
1611 1547 1782 1605 fortis
1821 1564 1902 1603 es.
1980 1546 2120 1603 Jam
2160 1554 2228 1603 tu
2259 1546 2420 1603 hanc
2455 1541 2752 1608 mulierem,

582 1634 626 1661 “
652 1645 832 1702 quam
858 1625 1047 1684 adhue
1074 1628 1136 1683 in
1160 1627 1542 1685 matrimonio
1581 1624 1856 1690 habuisti,
1885 1626 2009 1681 noli
2050 1642 2224 1698 porro
2251 1623 2466 1681 babere
2494 1639 2511 1680 ε
2550 1622 2642 1679 sed
2666 1620 2758 1677 tibi

584 1713 632 1741 “
662 1724 799 1783 ego,
824 1724 932 1779 pro
972 1705 1095 1769 illa,
1120 1722 1313 1763 meam
1342 1704 1525 1761 filiam
1553 1703 1913 1779 despondeo.
1993 1704 2147 1759 Cum
2189 1702 2302 1759 bae
2337 1698 2756 1759 matrimonium

583 1791 627 1818 “
656 1784 939 1843 contrahe
954 1807 971 1853 ;
1018 1783 1121 1839 illa
1146 1800 1307 1851 vero,
1334 1799 1512 1854 quam
1541 1800 1700 1840 nunc
1723 1780 1926 1847 habes,
1951 1798 2072 1837 non
2101 1781 2178 1837 sit
2199 1798 2376 1854 porro
2405 1789 2510 1837 tua
2533 1774 2754 1849 conjux3

583 1869 625 1896 ‘⁸
654 1864 739 1921 sic
774 1863 931 1919 enim
965 1862 1113 1919 mibi
1148 1862 1397 1935 plaoet.”
1477 1862 1591 1917 Cui
1629 1860 1928 1927 Medates,
1955 1859 2202 1918 miratus
2241 1858 2422 1927 dieta,
2451 1856 2755 1932 respondit:

582 1948 630 1974 “
654 1939 811 1999 Proh
837 1938 1109 1997 domine!
1140 1941 1427 2002 Quaenam
1456 1946 1546 1995 est
1569 1938 1696 1997 haec
1719 1938 2062 2011 importuna
2081 1938 2300 2005 oratio,
2315 1936 2476 2009 quod
2500 1955 2594 1998 me
2609 1930 2760 2005 jubes

582 2026 627 2055 “
658 2037 906 2077 uxorem
947 2035 1166 2087 meam,
1194 2035 1269 2075 ex
1292 2035 1412 2091 qua
1448 2018 1597 2074 mihi
1633 2024 1748 2073 tres
1783 2012 2030 2087 juvenes
2058 2015 2164 2074 iiiii
2205 2014 2522 2082 natixsunt,
2545 2022 2604 2073 et
2625 2013 2759 2078 filie,

580 2105 625 2139 ⁸‘
654 2114 903 2171 quarum
929 2104 993 2152 tu
1024 2111 1205 2151 unam
1239 2104 1345 2151 tuo
1374 2095 1500 2149 filio
1525 2092 1588 2151 in
1631 2090 2070 2152 matrimonium
2109 2094 2354 2161 duxisti,
2381 2094 2628 2169 denique
2649 2107 2762 2166 quae

583 2180 629 2211 “
658 2175 859 2233 animo
873 2191 1007 2231 meo
1022 2173 1313 2241 convenit,
1326 2173 1476 2231 hanc
1491 2191 1586 2229 me
1603 2173 1900 2229 dimittere
1907 2166 2108 2243 jubes,
2126 2180 2186 2229 et
2198 2181 2365 2232 tuam
2381 2172 2566 2239 filiam
2577 2172 2762 2229 ducere

582 2260 628 2286 ‘⁸'
656 2252 941 2309 uxorem!
991 2250 1121 2326 Ego
1152 2268 1309 2317 vero,
1337 2250 1490 2317 Rex,
1517 2251 1722 2327 magni
1749 2248 1988 2324 quidem
2021 2249 2174 2309 facio
2199 2251 2360 2324 quod
2389 2269 2490 2319 me
2513 2246 2778 2323 conjugio·

581 2337 625 2364 “
652 2332 789 2389 filiae
815 2339 936 2389 tuae
961 2329 1262 2405 digneris:
1306 2335 1370 2385 at
1406 2330 1618 2387 borum
1660 2338 1858 2395 tamen
1899 2328 2168 2401 equidem
2213 2336 2498 2387 neutrum
2538 2329 2758 2385 faniam:

580 2415 625 2445 “
656 2417 727 2467 tu
750 2426 889 2465 vero
916 2408 1044 2465 noli
1076 2407 1225 2465 mihi
1250 2404 1371 2465 vim
1398 2406 1646 2475 adferre,
1671 2406 1854 2465 talem
1893 2412 2016 2463 rem
2056 2408 2387 2480 postulans.
2467 2408 2609 2466 Tuae
2633 2411 2764 2463 certe

581 2492 626 2524 “
653 2488 791 2548 filim
834 2484 1152 2559 reperietur
1194 2484 1349 2543 alius
1398 2486 1646 2543 maritus
1699 2488 1796 2561 me
1839 2502 1964 2541 non
2013 2485 2284 2543 inferior:
2325 2504 2430 2544 me
2479 2504 2617 2543 vero
2659 2483 2766 2541 sine

583 2571 631 2600 “
658 2584 855 2623 meam
893 2564 1109 2621 habere
1146 2581 1390 2621 uxorem
1416 2564 1472 2620 !''
1515 2565 1654 2626 Quo
1693 2562 1974 2637 responso
2009 2563 2192 2623 iratus
2217 2562 2448 2621 Xerxes
2467 2580 2488 2619 z
2531 2571 2572 2595 “
2597 2563 2764 2637 Igitur

568 2650 630 2701 .“
657 2644 827 2709 hoc,”
855 2642 1071 2715 inquit,
1102 2648 1145 2673 “
1168 2642 1502 2715 profecistiz
1546 2660 1756 2716 nempe
1791 2659 1898 2697 nec
1923 2642 2176 2716 egotibi
2203 2642 2390 2699 filiam
2420 2660 2612 2701 meam
2633 2638 2764 2697 dabo

582 2728 628 2754 “
655 2722 719 2779 in
749 2718 1209 2786 matrimonium,
1236 2737 1341 2777 nee
1362 2728 1427 2777 tu
1454 2720 1630 2777 istam
1652 2737 1830 2794 vporro
1856 2719 2100 2779 habebis
2123 2738 2372 2779 uxorem
2395 2746 2414 2792 3
2461 2736 2582 2794 quo
2601 2720 2764 2777 diseas

584 2804 631 2837 “
656 2798 859 2855 oblata
879 2798 1193 2871 accipere.”
1278 2798 1357 2855 Et
1389 2798 1510 2866 ille,
1537 2798 1690 2857 nihil
1729 2794 1981 2872 amplius
2019 2799 2140 2856 nisi
2175 2799 2288 2857 hoc
2315 2800 2566 2857 verbum
2603 2792 2764 2866 subji-

569 2876 763 2970 ciens,
821 2884 861 2909 “
889 2876 1174 2944 Domine,
1214 2876 1480 2935 nondum
1531 2886 1732 2935 tamen
1776 2893 2016 2951 prorsus
2063 2894 2161 2933 me
2209 2877 2581 2951 perdidistis*
2631 2876 2767 2935 foras

568 2956 741 3015 exiit.
2604 2984 2611 2989 -

564 3110 567 3114 .
668 3037 801 3093 112.
842 3033 951 3091 Per
978 3034 1135 3091 idem
1166 3045 1399 3109 tempus
1440 3050 1560 3107 quo
1583 3032 1810 3091 Xerxes
1835 3051 1974 3091 eum
2015 3033 2196 3091 fratre
2235 3034 2534 3101 disseruit,
2562 3032 2766 3091 interim

536 3152 543 3155 -
570 3112 883 3179 Amestris,
912 3113 1113 3169 accitis
1140 3114 1296 3189 regis
1324 3113 1699 3187 satellitibus,
1728 3130 1948 3169 uxorem
1965 3112 2214 3169 Masistae
2237 3113 2454 3171 misere
2489 3113 2764 3170 dilacerat-2

578 3190 847 3265 praecisas
874 3191 1165 3249 mamillas
1186 3201 1248 3249 et
1267 3209 1439 3267 nares·
1449 3200 1511 3248 et
1525 3208 1696 3249 aures
1727 3198 1789 3247 et
1811 3190 1970 3249 labia
1995 3190 2238 3249 canibus
2261 3187 2520 3264 projicit,
2545 3191 2767 3263 denique

580 3270 775 3326 excisa
800 3268 1009 3343 lingua
1034 3270 1277 3329 domum
1304 3269 1552 3333 dimittit
1575 3270 1658 3327 ita
1683 3267 1928 3345 indigne
1953 3266 2322 3328 dilaniatam.

666 3351 797 3424 1133.
820 3346 1116 3414 Masiates,
1144 3365 1329 3421 quum
1356 3346 1509 3405 nibil
1533 3348 1712 3405 etiam
1739 3356 1884 3409 tunc
1909 3348 2123 3405 borum
2149 3347 2498 3416 audivisset,
2527 3354 2768 3405 metuens

578 3433 778 3483 tamen
828 3425 1085 3498 aliquam
1136 3428 1246 3483 sibi
1296 3426 1688 3485 calamitatem
1737 3422 2065 3491 imminere,
2107 3443 2280 3485 eursu
2328 3425 2582 3489 domum
2625 3441 2768 3485 suam

578 3504 930 3578 properavit.
1012 3504 1133 3561 Ubi
1168 3514 1482 3579 conspecta
1519 3520 1706 3561 uxore
1745 3506 1830 3561 ita
1867 3504 2161 3571 mutilata,
2187 3506 2440 3563 consilio
2477 3523 2615 3564 eum
2655 3502 2768 3561 filiis

578 3582 749 3649 inito,
794 3583 1063 3657 protinus
1109 3601 1246 3647 cum
1290 3582 1435 3641 filiis
1481 3582 1732 3657 aliisque
1776 3582 2076 3645 nonnullis
2121 3583 2338 3639 Bactra
2379 3582 2768 3657 proficiscitur,

576 3660 957 3726 Bactrianam
1008 3662 1373 3735 prov-inciam
1424 3660 1498 3717 ad
1545 3660 1938 3722 defectionem
1980 3660 2424 3728 sollicitaturus,
2467 3669 2531 3718 et
2576 3667 2770 3736 quanta

578 3740 839 3797 maxima
862 3748 1057 3813 posset
1080 3741 1238 3797 mala
1266 3740 1550 3798 inlaturus
1579 3740 1722 3815 regi.
1795 3742 1996 3813 Atque
2022 3740 2136 3797 boe
2160 3740 2356 3813 ipsum
2386 3741 2572 3797 etiam
2600 3738 2768 3813 perfe-

569 3818 775 3891 eisset‚
804 3826 872 3874 ut
898 3818 1053 3877 mihi
1074 3818 1323 3885 videtur,
1352 3818 1401 3875 si
1428 3834 1618 3891 usque
1641 3818 1716 3875 ad
1740 3818 1984 3875 Bactros
2007 3824 2069 3874 et
2093 3818 2272 3874 Sacas
2293 3819 2685 3892 pervenisset:
2721 3812 2772 3871 hi

578 3896 745 3953 enlm
771 3896 942 3953 illum
968 3895 1315 3971 diligebant,
1332 3905 1399 3953 et
1418 3904 1544 3953 erat
1571 3896 1697 3969 ipse
1719 3896 2052 3953 Bactrianae
2075 3894 2404 3971 praesseotus.
2441 3897 2527 3953 At
2547 3896 2772 3959 Xerxes,

580 3974 683 4029 ubi
724 3992 861 4031 eum
902 3974 1014 4031 hoc
1040 3992 1217 4049 agere
1236 3974 1545 4049 cognovit,
1570 3974 1752 4031 misso
1791 3986 1996 4031 contra
2033 3990 2172 4031 eum
2199 3975 2483 4040 exsuscita,
2513 3973 2572 4034 et
2599 3974 2770 4051 ipsum

578 4059 645 4128 et.
669 4048 797 4121 eius
824 4051 1065 4109 filioset
1088 4054 1305 4109 milites
1332 4053 1437 4126 qui
1458 4070 1598 4111 eum
1636 4052 1954 4119 illoerant,
1983 4052 2046 4109 in
2066 4052 2284 4109 itinere
2321 4052 2638 4115 interfecit.
2707 4048 2775 4113 Et

578 4130 709 4199 baec
735 4130 975 4213 quidem
1000 4130 1074 4200 de
1096 4150 1279 4191 amore
1304 4130 1508 4202 Xerxis
1529 4137 1591 4189 et
1615 4130 1688 4195 de
1715 4132 1962 4205 Maniai&
1985 4130 2139 4191 obitu
2163 4130 2468 4195 haetenus.
