2925 4992
919 332 993 393 M
1006 328 1127 393 131.
1140 328 1550 395 1³0MENE:
2219 336 2336 393 199

220 492 312 551 ⁹¹2.
336 490 483 551 Inde
504 490 797 569 profectus
824 488 1068 559 Darius,
1090 492 1163 550 ad
1192 492 1377 549 alium
1404 492 1654 549 fluvium
1679 489 1966 567 pervenit,
1983 490 2082 549 cui
2107 506 2328 549 nomen

156 572 413 641 Actiacas,
440 573 541 648 qui
562 590 671 647 per
694 571 949 647 Odrysas
974 571 1125 629 finit.
1206 571 1293 629 Ad
1320 572 1480 627 hunc
1503 571 1751 628 fluvium
1779 580 2092 656 postquam
2118 586 2328 643 pervo-

154 654 248 719 nit,
274 614 445 707 boemie
482 651 741 707 instituit
786 650 995 707 facere.
1074 646 1413 725 Designans
1448 650 1650 706 locum
1691 650 2028 722 quemdam,
2051 643 2233 719 jussit
2261 658 2329 705 ut

154 729 377 803 quilibet
398 730 489 785 vir
512 730 585 786 de
608 730 886 795 exercitu,
916 728 1059 784 dum
1084 745 1223 785 eum
1259 728 1455 784 locum
1489 732 1831 803 praeteriret,
1859 744 2046 784 unum
2075 726 2328 800 lapidem

156 808 345 865 ibidem
370 808 708 882 deponeret.
786 807 961 868 Quod
992 822 1175 881 quum
1200 806 1277 863 ab
1302 806 1582 863 omnibus
1608 815 1760 863 esset
1793 806 2041 871 fuctum,
2069 804 2334 881 ingenti·

156 888 251 944 bus
274 887 528 961 lapidum
556 886 801 943 tumulis
828 886 913 941 ibi
940 886 1179 951 relictis,
1208 886 1532 942 exercitum
1557 885 1806 943 ulterius
1833 885 2148 958 promovit.

218 969 303 1022 93.
342 966 685 1039 Priusquam
716 981 857 1020 vero
884 964 957 1019 ad
990 963 1213 1021 Istrum
1234 966 1618 1037 pervenisset,
1645 964 1866 1037 primos
1887 963 2070 1019 Getas
2097 963 2156 1018 vi
2183 959 2331 1017 snb-

156 1045 279 1117 egit,
316 1044 447 1100 illos
490 1044 597 1117 qui
636 1060 701 1098 se
742 1042 1071 1098 immortales
1110 1044 1449 1117 praedicsnt.
1528 1041 1711 1107 Nam,
1753 1042 1858 1115 qui
1897 1038 2330 1116 Salmydessum

156 1122 395 1179 incolum.
413 1122 463 1178 Γ
470 1122 695 1186 braces
712 1129 775 1178 et
798 1122 902 1195 qui
920 1138 1095 1195 snper
1120 1122 1432 1195 Apollonia
1456 1128 1518 1177 et
1539 1120 1899 1178 Mesembria
1923 1120 2142 1193 oppido
2168 1119 2334 1176 sedes

159 1200 370 1267 liabent,
396 1201 495 1275 qui
524 1198 879 1273 Scyrmiadoe
912 1206 973 1256 et
1000 1201 1221 1272 Nipsaei
1246 1201 1650 1265 nominantur,
1675 1200 1804 1255 sine
1829 1214 2036 1274 pugna
2061 1216 2122 1254 se
2149 1197 2336 1255 Dario

156 1278 504 1335 tradiderant.
588 1278 757 1334 Getae
796 1294 957 1343 vero,
988 1278 1283 1335 obstinate
1320 1279 1676 1344 resistentes,
1701 1294 1846 1335 mox
1883 1277 1946 1333 in
1989 1282 2335 1333 servitutem

156 1364 277 1413 sunt
300 1358 533 1425 redacti,
552 1373 744 1431 quum
766 1356 1008 1431 quidem
1034 1367 1233 1413 essent
1258 1357 1553 1414 Thracum
1583 1366 1644 1413 et
1669 1355 2024 1413 nobilissimi
2051 1363 2110 1410 et
2128 1352 2334 1426 justis-

158 1453 288 1492 simi.

218 1520 305 1571 94.
344 1514 717 1570 Immortales
741 1521 943 1571 autem
972 1512 1033 1569 hi
1062 1530 1189 1571 sese
1228 1512 1554 1588 praedicant
1597 1514 1708 1569 hoc
1747 1513 1944 1571 modo.
2026 1511 2154 1568 Non
2191 1514 2333 1569 mori

157 1608 253 1648 sese
286 1601 507 1665 putant,
534 1594 635 1648 sed
668 1593 773 1649 hac
796 1610 861 1647 ex
884 1594 1003 1648 vita
1026 1594 1333 1648 decedentes
1368 1595 1443 1647 ad
1473 1592 1764 1647 Zalmoxin
1802 1594 1961 1647 deum
1999 1592 2117 1657 ξτες
2153 1604 2333 1664 quem

158 1671 399 1727 eumdem
412 1670 705 1727 nonnulli
732 1670 1077 1727 Gebeleizin
1118 1672 1419 1727 invocant.
1501 1670 1728 1731 Quinto
1750 1688 1891 1727 vero
1917 1686 2149 1744 quoque
2179 1686 2338 1727 anno

158 1764 319 1805 unum
348 1766 381 1805 e
411 1766 663 1807 suorum
707 1766 973 1816 numero,
1004 1756 1161 1805 sorte
1198 1750 1445 1813 lectum,
1475 1748 1762 1805 nuncium
1804 1748 2056 1805 mittunt
2093 1748 2168 1804 ad
2194 1746 2337 1805 Zal-

158 1829 357 1895 moxin,
382 1830 667 1885 mandata
684 1828 739 1883 ei
776 1829 983 1884 dantes
1014 1828 1087 1883 (le
1130 1828 1221 1883 his
1260 1826 1433 1883 rebus
1452 1840 1602 1900 quas
1641 1834 1784 1883 tunc
1809 1829 2070 1885 maxime
2107 1827 2335 1883 deside·

160 1913 283 1961 rant.
353 1907 613 1964 Mittunt
634 1915 833 1963 autem
869 1908 981 1962 boc
1020 1907 1217 1963 modo.
1297 1905 1522 1962 Ordine
1547 1914 1712 1962 stant
1735 1903 1858 1972 alii,
1887 1908 1998 1963 tria
2013 1901 2214 1975 jacula
2241 1916 2333 1962 te-

162 1992 371 2041 nentes·
396 1986 495 2043 alii
518 1985 773 2061 pedibus
799 1984 1191 2059 manibusque
1217 1984 1574 2071 prehensum
1603 1984 1783 2051 bunc,
1801 1986 1902 2058 qui
1923 1986 1996 2041 ad
2017 1984 2334 2041 Zalmoxin

162 2063 495 2131 mandatur,
526 2064 831 2120 vibrantes
856 2080 1091 2119 sursum
1120 2059 1464 2132 conjiciunt,
1493 2070 1563 2119 ut
1585 2062 1647 2119 in
1674 2064 1873 2119 hastas
1898 2064 2132 2120 incidat.
2211 2061 2336 2125 Qui

163 2142 205 2195 si
236 2143 527 2197 transfixus
576 2142 846 2207 moritur,
880 2149 1027 2199 tunc
1065 2142 1181 2197 illis
1225 2143 1513 2216 propitius
1554 2141 1787 2198 videtur
1825 2160 1951 2198 esse
1991 2142 2332 2199 Zalmoxis.

161 2219 237 2275 sin
258 2236 369 2278 non
393 2222 671 2286 moritur,
690 2222 752 2275 in
782 2221 957 2293 culpa
980 2230 1218 2295 ponunt
1246 2223 1441 2294 ipsum
1471 2222 1779 2286 nuncium,
1799 2221 2060 2277 dicentes
2083 2237 2336 2294 pravum

162 2314 267 2385 esse
300 2298 639 2368 hominem,
684 2300 817 2354 loco
858 2294 1035 2368 huius
1070 2314 1209 2355 vero
1234 2316 1411 2373 quem
1444 2308 1808 2364 caussantur,
1838 2300 2018 2355 alium
2061 2298 2334 2366 mittunt,

162 2372 243 2431 cui
276 2378 445 2434 etiam
484 2394 649 2437 nunc
686 2378 825 2433 vivo
862 2377 1005 2434 dant
1042 2379 1337 2433 mandata.
1417 2375 1607 2433 Iidem
1637 2376 1917 2443 Thraces,
1945 2390 2132 2450 quum
2165 2384 2338 2434 tonat

164 2454 544 2531 fulgur-atque,
576 2457 825 2549 sagittas
862 2472 1095 2511 sursum
1148 2458 1422 2512 adversus
1469 2456 1686 2512 coelum
1727 2462 2133 2530 contorquent,
2157 2456 2336 2512 mini-

166 2540 335 2591 tantes
358 2534 503 2592 deo·
544 2552 657 2591 nec
682 2531 839 2590 enim
866 2534 1051 2591 alium
1076 2535 1253 2591 deum
1282 2543 1524 2590 censent
1553 2534 1665 2589 nisi
1691 2550 1886 2591 suum.

236 2614 319 2667 9³.
358 2614 439 2671 Ut
476 2630 623 2671 vero
646 2630 685 2669 a
711 2612 931 2669 Graecis
968 2614 1163 2686 accepi
1198 2614 1271 2669 ad
1301 2613 1760 2686 Hellespontum
1789 2621 1850 2670 et
1874 2613 2135 2671 Pontum
2167 2613 2339 2671 habi-

168 2691 426 2759 uatibus,
450 2694 637 2751 bomo
654 2692 773 2747 fuit
796 2692 893 2747 hic
920 2690 1246 2757 Zalmoxis‚
1270 2692 1614 2748 servitutem
1641 2692 1900 2749 serviens
1925 2692 2089 2751 Sami
2109 2718 2124 2764 ς
2157 2710 2341 2750 servus

168 2780 341 2825 utem
362 2772 478 2827 fuit
501 2770 877 2846 Pythagorae,
907 2770 1245 2827 Mnesarchi
1272 2771 1391 2827 filii.
1459 2770 1694 2827 Deinde
1719 2788 1860 2827 vero
1887 2773 2337 2839 manumissum,

168 2846 603 2923 aiunt,·magnas
628 2850 739 2905 sibi
758 2864 1125 2923 comparasse
1150 2850 1445 2922 pecunias,
1460 2850 1670 2923 hisque
1693 2850 2074 2917 instructum,
2095 2852 2338 2909 domum

166 2925 365 2985 rediise.
440 2930 651 2990 Quum
688 2946 831 2984 vero
866 2936 931 2983 et
970 2928 1177 2983 misere
1214 2928 1484 2984 viverent
1505 2927 1782 2993 Thraces,
1809 2938 1870 2984 et
1911 2943 2118 3003 parum
2143 2930 2340 2987 ‘cultis

168 3014 338 3061 essent
356 3008 651 3083 ingeniis,
636 3030 649 3045 ·
697 3006 1015 3063 Zalmoxin
1047 3006 1225 3071 hunc,
1254 3006 1397 3061 vitae
1426 3005 1716 3062 rationem
1745 3006 2009 3063 Ionica-m
2039 3007 2337 3075 edoctum,

170 3088 221 3136 et
250 3086 503 3141 mosibus
544 3085 887 3141 institutum
922 3085 1269 3141 cultioribus
1294 3102 1476 3157 quam
1513 3084 1614 3158 qui
1641 3084 1798 3157 apud
1821 3086 2080 3141 Thracas
2105 3086 2342 3143 obtine-

170 3170 301 3227 rent,
330 3170 391 3219 ut
416 3165 519 3237 qui
558 3180 696 3219 eum
719 3164 945 3219 Graecis
973 3164 1271 3220 habuisset
1308 3162 1824 3229 consuetudinem,
1855 3172 1914 3221 et
1941 3180 2076 3221 cum
2118 3162 2339 3240 Pytha-

172 3252 314 3309 gora,
339 3243 467 3297 viro
480 3233 635 3299 inter
660 3242 941 3299 Graeeos‘
926 3242 1148 3317 ingenii
1178 3242 1410 3299 cultura
1434 3242 1760 3307 eminente,
1788 3242 2199 3299 exstruendam
2228 3240 2342 3301 sibi

168 3332 375 3375 curasse
400 3322 740 3385 exhedram,
770 3322 833 3376 in
870 3336 988 3393 qua
1026 3322 1332 3393 primarios
1358 3337 1622 3395 quosque
1661 3322 2033 3395 popularium
2075 3323 2340 3398 excipere

168 3408 497 3466 consumet,
515 3409 588 3457 et
626 3400 777 3457 inter
814 3399 1179 3473 epulandum
1220 3400 1353 3456 illos
1378 3400 1692 3464 docuisset,
1721 3416 1891 3471 neque
1913 3418 1993 3468 se,
2015 3418 2189 3474 neque
2211 3418 2344 3458 con·

168 3473 301 3531 vivas
322 3494 463 3545 suos,
488 3496 589 3535 mc
613 3478 803 3534 horum
828 3485 1089 3551 posteros,
1116 3481 1443 3546 neos-ituros,
1480 3480 1574 3534 sed
1597 3483 1852 3535 venturos
1875 3482 1930 3534 in
1959 3481 2132 3537 locum
2157 3498 2340 3554 quem-

170 3553 319 3621 piam,
342 3557 435 3612 ubi
456 3568 719 3631 perpetuo
742 3562 981 3613 viventes
1004 3556 1245 3611 ovnnib'm
1272 3558 1419 3612 bonis
1440 3555 1823 3630 sintfruituri.
1865 3556 1936 3614 In
1965 3560 2170 3615 eadem
2199 3576 2340 3616 vero

174 3631 418 3701 exhedra,
442 3633 549 3691 ubi
594 3636 718 3692 baec
758 3635 1015 3692 faciebat
1056 3631 1422 3708 dicebatque,
1460 3636 1913 3693 construendam
1953 3638 2066 3694 sibi
2103 3638 2341 3694 interim

174 3721 399 3778 parasse,
442 3715 629 3780 aiunt,
674 3728 965 3771 eameram
1012 3714 1486 3770 subterraneam·
1471 3737 1488 3782 3
1547 3730 1680 3787 quae
1728 3724 2036 3789 postquam
2085 3714 2344 3789 perfecta

174 3798 322 3855 esset,
348 3794 653 3851 evanuisse
692 3809 829 3849 eum
868 3810 905 3848 e
942 3788 1238 3849 Thracum
1276 3798 1632 3865 conspectu.
1677 3792 1898 3851 scilicet
1938 3795 2001 3851 in
2047 3794 2342 3851 subterra-

175 3878 322 3923 neam
360 3886 657 3928 cameram-
673 3870 1069 3936 descendisse,
1094 3871 1295 3945 ibique
1336 3886 1441 3944 per
1477 3871 1792 3927 triennium
1833 3888 1958 3928 esse
1999 3878 2335 3943 moratum3

174 3948 227 3995 et
245 3942 489 4005 Thracas
514 3951 709 4016 illurn,
736 3958 817 4006 ut
848 3958 1176 4015 mortuum,
1206 3950 1562 4005 desiderasse
1583 3949 1866 4023 luctuque
1905 3967 2032 4007 esse
2069 3952 2342 4023 prosecu-

174 4024 289 4091 ῐῡες
328 4031 533 4097 quarto
558 4044 701 4085 vero
728 4044 881 4085 anno
904 4028 1229 4085 'lbi-acibus
1256 4037 1395 4085 eum
1420 4044 1620 4084 rursus
1647 4029 2019 4103 adparuisse.
2057 4036 2234 4103 atque
2261 4033 2345 4089 ita

178 4110 453 4165 Persuasus
491 4106 599 4165 lios
630 4107 837 4175 fuisse,
864 4122 1003 4166 vera
1026 4118 1153 4205 esse
1180 4124 1311 4183 quae
1350 4106 1453 4164 ille
1477 4102 1734 4165 dixisset.
1813 4106 1962 4165 Haec
1977 4107 2064 4165 ab
2090 4124 2160 4165 eo
2187 4111 2345 4169 facts

178 4188 289 4238 esse
306 4182 627 4257 perbibent·
