2925 4992
545 314 668 371 ³60
1081 301 1597 371 HERODOTI·
1640 306 2007 371 HISTOR.
2058 308 2195 371 vn.

539 468 846 529 unitatibus
873 467 1169 527 montium
1189 468 1588 535 decurrentes,
1613 469 1985 527 illucescente
2000 468 2133 541 jam
2148 468 2264 537 die,
2278 468 2443 532 idem
2468 469 2752 531 indicium

527 549 750 607 fecere.
825 547 922 605 lbi
945 556 1075 605 tum
1105 546 1315 615 Graeci,
1345 549 1487 622 quid
1528 546 1641 605 sibi
1680 547 2017 607 faciendum
2056 555 2212 606 esset
2236 546 2660 618 deliberantes,
2688 554 2752 609 ia

537 630 794 685 diversas
843 625 1040 683 abiere
1087 626 1432 693 sententias,
1475 626 1605 683 aliis
1656 626 2142 686 contendentibus
2188 644 2311 685 non
2364 627 2754 689 deserendam

535 724 662 764 esse
705 705 1044 771 stationem,
1094 704 1222 760 aliis
1265 714 1475 761 contra
1514 706 1853 763 nitentibus.
1932 705 2035 772 Et,
2064 706 2263 763 soluto
2304 708 2585 775 concili0,
2634 709 2755 765 dis-

531 792 832 843 cesserunt
858 783 980 849 alii,
1007 791 1068 839 et
1093 800 1262 841 suam
1291 784 1545 857 quisque
1570 784 1635 841 in
1662 784 1957 843 civitatem
1998 785 2250 842 tendens
2286 786 2539 859 dispersi
2562 796 2715 845 sunt
2738 810 2755 845 z

533 859 635 921 alii
665 879 810 920 vero
835 863 1025 935 parati
1049 858 1222 919 era‘nt
1245 879 1382 919 cum
1411 862 1675 921 Leonida
1700 880 1955 919 manere.

608 946 745 999 220.
787 941 1014 997 Dicunt
1039 949 1258 1007 autem,
1286 941 1483 1015 ipsum
1512 941 1841 999 Leonidam
1877 941 2013 999 illos
2050 940 2357 1011 dimisisse,
2390 960 2464 1001 ne
2496 944 2760 1015 perirent

530 1030 876 1089 curantem3
919 1037 977 1075 se
999 1028 1200 1077 autem
1227 1027 1284 1075 et
1303 1026 1593 1093 presentes
1618 1020 1921 1093 spartanos
1961 1038 2069 1077 non
2108 1021 2291 1077 decere
2328 1022 2631 1079 dicentem
2660 1025 2757 1079 de-

528 1118 705 1157 serere
729 1101 1014 1155 stationem
1039 1099 1115 1155 ad
1141 1116 1304 1170 quam
1344 1100 1749 1155 custodiendam
1784 1102 2057 1171 principio
2078 1101 2231 1169 missi
2256 1106 2445 1157 encrat.
2530 1100 2619 1158 Et
2642 1119 2756 1177 ego

526 1194 762 1252 quoque
789 1193 968 1249 quam
1000 1178 1255 1233 maxime
1283 1178 1346 1235 in
1375 1179 1485 1235 hac
1524 1194 1657 1234 sum
1692 1178 2004 1244 sententia,
2032 1176 2381 1248 Leonidam,
2413 1196 2609 1253 quum
2637 1182 2755 1237 mi·-

527 1259 694 1315 nime
721 1266 986 1330 promtos
1013 1273 1140 1311 esse
1165 1257 1354 1313 socios
1394 1256 1661 1323 vidisset,
1690 1273 1801 1313 nec
1828 1257 1900 1314 ad
1926 1256 2304 1313 subeundum
2352 1275 2557 1315 secum
2600 1261 2757 1331 peri-

526 1336 732 1391 culum
759 1335 918 1391 ultro
945 1344 1199 1405 paratos,
1225 1332 1384 1392 abire
1423 1333 1557 1391 illos
1594 1337 1839 1405 jussisse
1861 1360 1879 1406 3
1925 1335 2039 1392 sibi
2064 1344 2289 1401 autem,
2319 1344 2391 1392 ut
2418 1335 2641 1402 abiret,
2670 1340 2757 1395 in·

527 1416 842 1471 honestum
861 1408 1176 1484 judicasse,
1259 1412 1501 1480 Contra,
1532 1415 1582 1470 si
1608 1423 1892 1480 maneret,
1919 1412 2125 1489 ingens
2153 1430 2289 1471 eum
2317 1416 2516 1489 gloria
2543 1431 2756 1473 mane-

529 1494 653 1559 bat,
697 1501 760 1549 et
809 1492 1032 1564 Spartae
1079 1491 1325 1549 felicitas
1374 1504 1497 1549 non
1548 1493 2047 1567 exstinguebatur.
2134 1489 2373 1549 Etenim
2416 1492 2751 1568 Spartanis,

517 1571 645 1644 jam
671 1572 734 1628 in
765 1572 956 1645 primo
981 1564 1156 1640 hujus
1186 1570 1324 1629 belli
1351 1570 1521 1627 initio
1548 1573 1852 1629 oraculum
1878 1570 2343 1639 consulentibus,
2370 1574 2754 1646 responderat

525 1651 759 1725 Pythia,
805 1656 841 1681 ‘⁴
872 1657 977 1707 aut
1017 1667 1288 1707 eversum
1333 1646 1406 1705 iri
1451 1648 1943 1707 Lacedaemonem
1988 1668 2031 1721 a·
2078 1649 2361 1717 barbaris,
2390 1659 2499 1707 aut
2548 1669 2753 1729 regem

525 1738 567 1763 “
597 1730 852 1803 ipsorum
881 1728 1258 1801 periturum.”
1347 1728 1481 1785 Hoc
1505 1730 1587 1783 eis
1609 1729 1713 1785 illa
1736 1746 2079 1804 responsum
2102 1728 2365 1789 versibus
2390 1729 2753 1791 hexametris

524 1809 1010 1884 comprehensum
1041 1807 1299 1876 dederat,
1332 1806 1427 1863 his
1451 1808 1683 1865 verbis:

719 1936 890 1992 Vobis,
913 1949 944 1981 o
966 1935 1186 1996 spatiosae
1209 1934 1389 1996 Sparte
1411 1935 1600 1993 incolae,

717 2004 822 2048 Aut
843 2003 1012 2056 ingens
1031 2002 1146 2046 urbs
1167 2002 1373 2061 gloriosa
1394 2013 1423 2046 a
1444 1988 1559 2047 viris
1580 2000 1738 2047 Persis

717 2066 994 2123 Evertitur3
1029 2070 1132 2121 aut,
1156 2066 1195 2116 si
1219 2078 1320 2111 non
1342 2066 1452 2120 hoc,
1474 2066 1535 2113 ab
1556 2066 1776 2113 Hercule
1794 2066 2051 2115 oriundum

715 2130 874 2177 nebit
897 2135 1140 2176 mortuum
1163 2144 1319 2190 regem
1343 2131 1579 2177 Laconica
1598 2136 1745 2177 terra.

713 2194 818 2243 Nec
839 2196 966 2241 enim
991 2195 1246 2241 sustinebit
1267 2200 1514 2241 taurorum
1537 2196 1682 2243 robur
1704 2196 1991 2256 leonumque

715 2262 898 2307 Contra
917 2260 1162 2307 stantium.
1228 2261 1365 2307 savis
1381 2261 1511 2308 enim
1534 2262 1613 2307 ille
1637 2261 1780 2307 robur
1802 2262 1964 2317 habet,
1988 2273 2191 2320 eumque
2216 2261 2325 2309 dieo

713 2327 829 2374 Non
851 2326 909 2372 ixi
932 2338 1192 2388 repressum
1215 2326 1365 2387 prius,
1383 2339 1526 2387 quam
1550 2328 1719 2374 borum
1742 2326 2021 2373 alterutrum
2044 2326 2188 2372 fuerit
2214 2326 2432 2376 sortitus.

518 2440 712 2519 Igitur
755 2438 1112 2506 Leonidam,
1141 2439 1267 2497 haec
1313 2448 1707 2513 reputantem,
1754 2436 2211 2513 cupientemque
2252 2438 2409 2495 solis.
2436 2438 2753 2514 Spartanis

506 2520 936 2595 sempiternam
981 2519 1286 2592 adquirere
1325 2519 1601 2592 gloriam,
1647 2517 1943 2575 dimisisse
1994 2518 2197 2591 potius
2248 2518 2505 2575 arbitror
2552 2520 2750 2576 socios

513 2601 654 2657 illos
679 2599 782 2671 qui
819 2598 1036 2661 abiere,
1063 2614 1244 2670 quam
1271 2596 1430 2671 ipsos
1463 2615 1567 2671 per
1606 2615 1693 2665 se,
1722 2597 1797 2653 ab
1826 2595 1931 2652 illo
1958 2595 2393 2665 dissentientes,
2420 2596 2509 2653 ita
2547 2612 2751 2671 spreta

517 2678 686 2735 omni
715 2676 959 2733 militari
985 2675 1292 2749 disciplina
1315 2675 1547 2733 abiisse.

592 2760 734 2812 221.
775 2748 966 2824 Cujus
995 2754 1079 2810 rei
1102 2753 1250 2811 mibi
1279 2754 1394 2810 hoc
1421 2755 1601 2831 etiam
1630 2752 1784 2811 haud
1812 2753 2130 2811 minimum
2162 2752 2598 2813 documentum
2628 2765 2763 2829 est,-

502 2835 673 2909 qnod
699 2851 822 2891 non
857 2832 1033 2891 modo
1083 2832 1295 2907 reliqui
1331 2832 1557 2889 dimissi
1600 2839 1763 2899 sunt,
1792 2832 1893 2889 sed
1936 2833 2093 2909 quod
2143 2833 2287 2890 satis
2332 2844 2591 2902 constat,
2623 2838 2747 2894 vati

515 2914 694 2971 etiam
717 2914 1038 2969 exercitum
1066 2913 1351 2987 sequenti,
1379 2910 1681 2986 Megistiae
1705 2911 2017 2977 Acarnani,
2046 2919 2239 2997 genus
2280 2930 2315 2967 a
2352 2914 2745 2989 Melampode

515 2993 828 3056 derivanti,
857 2992 1050 3048 eidem
1073 2990 1174 3065 qui
1219 3008 1253 3047 e
1295 2991 1551 3049 victimis
1596 2990 1799 3047 futura
1835 2990 1951 3048 illis
1996 2990 2362 3065 praedixerat,
2390 2992 2745 3052 missionem

515 3072 742 3131 dedisse
782 3070 1134 3136 Leonidam,
1162 3070 1419 3127 veritum
1461 3086 1537 3127 ne
1578 3086 1714 3125 cum
1755 3069 1897 3142 ipsis
1936 3070 2166 3143 periret.
2245 3071 2322 3127 At
2365 3069 2490 3137 ille,
2520 3090 2740 3147 quam-

515 3169 692 3227 quam
719 3150 1052 3207 missionem
1099 3156 1328 3215 nactus,
1355 3164 1478 3203 non
1519 3157 1719 3205 tamen
1760 3148 2065 3216 discessit;
2112 3148 2215 3205 sed
2253 3148 2474 3218 filium,
2511 3151 2745 3209 militiae

515 3225 694 3301 hujus
723 3229 974 3293 socium,
1003 3225 1108 3299 qui
1134 3228 1342 3283 unicus
1373 3226 1460 3282 ini
1490 3234 1665 3283 natus
1694 3234 1838 3293 erat,
1863 3226 2101 3285 dimisit.

595 3312 733 3365 222.
774 3306 986 3363 Caeteri
1013 3304 1195 3383 igitur
1244 3306 1384 3362 socii
1424 3300 1647 3363 dimissi
1690 3305 1983 3372 abierunt,
2013 3304 2293 3363 mandato
2317 3304 2607 3367 Leonidae
2630 3309 2741 3368 ob·

518 3393 842 3461 sequentes.
921 3382 1318 3456 Thespienses
1345 3394 1487 3440 vero
1526 3393 1586 3439 et
1629 3381 1894 3441 Thebani
1936 3383 2047 3441 soli
2072 3384 2225 3459 apud
2254 3384 2743 3452 Lacedaemonios

515 3472 881 3523 manserunt.
979 3460 1056 3517 Et
1099 3462 1370 3520 Thebani
1413 3462 1651 3537 quidem
1700 3463 1875 3519 inviti
1911 3472 2292 3535 manserunt;
2338 3464 2583 3525 retinuit
2632 3486 2741 3527 eos

513 3550 714 3603 autem
744 3538 1058 3608 Leonidas,
1085 3540 1355 3599 obsidum
1399 3544 1532 3599 loco
1577 3540 1837 3597 habens:
1881 3538 2275 3618 Thespienses
2320 3560 2459 3599 vero
2498 3563 2743 3605 summa

511 3642 623 3682 sua
645 3621 948 3680 voluntate
970 3645 988 3691 ;
1037 3622 1380 3695 neutiquam
1420 3621 1579 3677 enim
1608 3618 1942 3677 Leonidam
1968 3630 2031 3680 et
2057 3622 2160 3694 qui
2184 3639 2323 3680 cum
2348 3622 2457 3677 illo
2480 3633 2648 3683 erant
2672 3643 2741 3683 se

512 3704 840 3761 deserturos
880 3698 1366 3773 abscessurosque
1399 3698 1652 3765 aiebant,
1698 3699 1800 3755 sed
1843 3699 2001 3773 apud
2042 3700 2177 3757 illos
2211 3718 2529 3759 mansuros
2570 3720 2735 3761 mor-

511 3793 750 3858 temque
791 3798 930 3836 cum
969 3776 1189 3837 eisdem
1227 3779 1624 3837 occubituros.
1700 3776 1817 3835 His
1852 3788 2101 3853 praeerat
2135 3776 2560 3855 Demophilus,
2578 3780 2733 3845 Dia.-

506 3864 734 3921 ›dromae
760 3859 936 3915 filius·
987 3872 996 3879 ·

525 3984 530 3991 .
565 3933 727 3995 223.
747 3938 917 4015 ‚Orto
962 3935 1108 4001 sole,
1133 3936 1370 3995 Xerxes
1407 3937 1699 3994 libamina
1724 3932 1867 3993 fecit
1894 3958 1909 4003 ς
1955 3935 2173 3995 deinde
2204 3938 2569 4011 aliquamdiu
2593 3956 2729 3999 mo·

512 4027 696 4083 ratuS,
725 4033 843 4090 quo
872 4024 1138 4088 tempore
1165 4016 1362 4075 forum
1387 4016 1646 4073 maxime
1674 4015 2041 4095 frequentari
2072 4016 2411 4075 hominibus
2435 4019 2587 4077 solet
2610 4020 2729 4079 im-

513 4094 875 4173 pressionem
905 4095 967 4153 in
995 4095 1226 4152 hostem
1266 4094 1458 4152 facere
1499 4094 1788 4152 instituit:
1833 4095 1919 4151 ita
1948 4094 2110 4152 enim
2138 4095 2542 4172 significatum
2566 4098 2622 4154 ei
2644 4098 2731 4153 ab

508 4173 786 4253 Ephialte
825 4182 968 4235 erat.
1051 4173 1210 4233 Nam
1253 4172 1565 4237 descensus
1612 4172 1685 4231 de
1730 4181 1931 4233 monte
1980 4174 2209 4233 brevior
2248 4183 2363 4247 est,
2397 4182 2573 4252 atque
2612 4175 2727 4234 iter
