2925 4992
533 315 612 376 τε
919 287 922 292 ’
1082 309 1586 370 HERODOTI
1653 307 2021 369 HlsToR.
2088 308 2171 367 11.
2256 343 2259 350 -

533 483 712 543 quam
737 463 950 527 fluitet
972 469 1078 527 ubi
1117 463 1350 527 initium
1375 471 1535 545 capit
1558 468 1761 534 Nilus,
1790 467 1945 526 nihil
1982 463 2193 526 ho'rum
2222 473 2377 526 esset
2412 465 2687 524 futurum
2718 491 2737 538 ;

533 548 1030 622 quemadmodum
1055 550 1366 606 necessitas
1393 549 1609 623 arguit.
2492 571 2499 580 ·

613 629 708 682 23.
751 627 872 688 Qui
897 645 1036 683 vero
1061 627 1134 684 de
1157 629 1399 684 Oceano
1423 628 1593 693 dixit,
1634 629 1683 682 is
1724 645 1911 702 quum
1938 645 2081 693 rem,
2102 626 2179 682 de
2201 642 2321 699 qua
2346 624 2653 700 quaeritur,
2670 627 2751 682 in

533 703 849 761 obscurum
879 701 1159 775 rejecerit,
1189 707 1428 762 refutari
1453 722 1577 762 nou
1605 712 1874 762 meretur.
1956 705 2088 780 Ego
2130 705 2285 761 enim
2295 704 2537 781 fluvium
2566 707 2750 760 Ocea-

532 800 663 840 num
711 784 943 840 nullum
986 787 1156 841 novi:
1225 785 1553 842 Homerum
1596 802 1754 848 vern,
1796 792 1897 842 aut
1944 785 2129 840 alium
2174 801 2251 840 ex
2304 783 2751 860 antiquioribus

532 864 740 937 poetis,
771 873 914 936 puto
941 863 1238 920 invenisse
1265 881 1500 929 nomen,
1530 870 1589 918 et
1612 863 1675 919 in
1705 863 1905 934 poesin
1932 860 2337 918 introduxisse.

547 969 556 976 ·
613 945 711 1006 24.
745 941 784 995 J
791 959 884 996 am
931 942 1088 1016 quod
1115 943 1186 1006 si,
1215 942 1563 1016 improbatis
1603 942 1910 998 sententiis
1938 959 2071 1015 quae
2098 942 2173 997 ab
2200 941 2331 997 aliis
2354 949 2493 998 sunt
2518 959 2751 1016 propo-

532 1021 684 1085 sitae,
714 1037 877 1076 nunc
902 1039 1098 1076 meam
1123 1020 1196 1077 de
1222 1020 1396 1077 rebus
1422 1028 1547 1075 tam
1574 1020 1821 1077 occultis
1848 1020 2031 1076 debeo
2056 1019 2371 1087 declarare,
2400 1021 2595 1076 dicam
2624 1037 2755 1094 qua
2834 1023 2843 1030 “

531 1099 606 1154 de
647 1115 849 1154 caussa
887 1099 1011 1155 fieri
1053 1099 1200 1154 mihi
1243 1097 1530 1165 videatur,
1556 1107 1625 1154 ut
1652 1105 1853 1156 oestate
1878 1099 2053 1155 Nilus
2078 1107 2383 1172 augeatur.
2468 1099 2747 1154 Hiberno

531 1185 795 1250 tempore
837 1178 946 1242 sol,
991 1196 1026 1232 a
1070 1178 1267 1252 priore
1313 1195 1489 1232 cursu
1539 1193 1643 1250 per
1690 1178 1909 1233 hiemes
1948 1177 2249 1250 depulsae,
2292 1195 2399 1251 per
2438 1178 2753 1250 superiora

530 1253 736 1328 Libyae
777 1257 1000 1311 transit.
1081 1256 1176 1311 lta.
1221 1255 1573 1312 brevissimis
1616 1255 1809 1312 verbis
1854 1273 1941 1312 res
1984 1263 2111 1312 tota
2152 1255 2445 1312 declarata
2472 1269 2599 1312 est:
2646 1255 2753 1312 cui

532 1334 691 1390 enim
718 1335 948 1409 regioni
977 1336 1276 1406 proximus
1303 1343 1392 1390 est
1421 1334 1515 1388 hic
1538 1333 1701 1400 deus,
1728 1343 1789 1390 et
1816 1351 1990 1407 supra
2014 1350 2197 1406 quam
2220 1334 2321 1389 iile
2344 1335 2574 1399 transit,
2604 1351 2747 1390 eam

431 1477 436 1480 ,
531 1421 986 1470 consentaneum
1027 1421 1116 1468 est
1165 1413 1418 1470 maxime
1461 1412 1627 1468 sitire
1670 1421 1731 1469 et
1768 1429 1939 1486 aquae
1979 1413 2237 1484 inopiam
2286 1413 2429 1484 pati,
2478 1413 2756 1486 adeoque

531 1491 788 1549 maxime
811 1492 1086 1546 exsiccari
1109 1489 1428 1548 fluviorum
1455 1491 1839 1570 scaturigines
1862 1508 1993 1564 quae
2018 1501 2155 1546 sunt
2180 1492 2239 1546 in
2270 1507 2341 1545 ea
2367 1492 2630 1565 regione.

609 1573 710 1625 25.
741 1569 838 1626 Ut
865 1587 1000 1625 vero
1027 1570 1296 1644 pluribus
1319 1569 1512 1626 verbis
1541 1587 1665 1626 rem
1681 1569 1989 1635 declarem,
2012 1569 2095 1624 ita
2122 1586 2183 1625 se
2212 1568 2407 1625 habet.
2482 1567 2607 1634 Sol,
2639 1585 2755 1644 per

531 1649 832 1722 superiora
885 1647 1088 1722 Libyae
1127 1649 1430 1712 transienS‚
1478 1647 1617 1703 facit
1668 1649 1882 1704 hocce.
1926 1664 2115 1720 quum
2152 1648 2212 1702 in
2256 1648 2370 1704 illis
2411 1648 2555 1703 locis
2596 1665 2752 1705 con-

529 1737 754 1784 stanter
785 1745 1025 1784 set-enus
1069 1728 1145 1782 sit
1191 1746 1310 1793 aer,
1335 1744 1639 1800 quumque
1684 1727 1873 1782 calida
1924 1728 2001 1782 sit
2050 1727 2174 1797 ipsa
2212 1726 2397 1800 regio,
2426 1743 2537 1782 nec
2576 1727 2753 1784 venti

527 1805 772 1881 frigidi,
819 1823 924 1878 per
971 1823 1040 1860 ea
1079 1805 1210 1860 loca
1234 1806 1523 1860 transiens
1568 1804 1657 1860 sol
1702 1805 1845 1862 facit
1892 1804 2070 1869 idem,
2098 1805 2258 1876 quod
2302 1812 2501 1860 aestate
2548 1805 2755 1862 facere

529 1885 860 1948 consuevit,
889 1884 1124 1957 quando
1149 1901 1251 1956 per
1275 1883 1535 1938 medium
1568 1883 1779 1938 coelum
1828 1883 2056 1938 transit.
2138 1881 2372 1940 Scilicet
2395 1885 2639 1940 attrahit
2664 1885 2752 1940 ad

527 1979 592 2020 se
633 1979 868 2035 aquam,
915 1971 1338 2034 attractumque
1383 1961 1444 2016 in
1494 1963 1793 2033 superiora
1834 1962 1967 2017 loca
2004 1961 2279 2033 dispellit,
2322 1977 2503 2035 quam
2540 1963 2746 2018 susci-

529 2041 754 2114 pientes
799 2041 961 2096 venti
1005 2040 1466 2114 dissipantesque
1502 2039 1929 2112 liquefaciunt3
1975 2058 2049 2095 ex
2074 2056 2193 2113 quo
2236 2043 2637 2113 consequitur,
2665 2049 2749 2097 ut

529 2119 692 2174 venti
739 2137 812 2174 ex
853 2119 956 2174 illa
1005 2119 1240 2193 regione
1288 2119 1515 2183 flantes,
1555 2127 1731 2175 notus
1758 2127 1817 2174 et
1844 2116 2082 2184 africus,
2114 2119 2379 2174 omnium
2424 2126 2752 2176 ventorum

531 2198 788 2254 maxime
813 2197 934 2254 sint
959 2197 1165 2270 pluvii.
1245 2196 1493 2252 Videtur
1538 2205 1736 2252 autem
1781 2197 1931 2253 mihi
1966 2197 2055 2252 sol
2096 2214 2171 2252 ne
2218 2213 2455 2254 omnem
2496 2197 2751 2270 quidem

529 2275 659 2333 Nili
683 2293 918 2350 aquam,
941 2293 1120 2350 quam
1141 2269 1463 2349 quotannis
1488 2276 1749 2340 attrahit,
1776 2292 2005 2348 semper
2028 2275 2353 2339 demittere,
2380 2273 2481 2330 sed
2508 2283 2751 2368 partem

531 2355 709 2412 etiam
740 2355 962 2412 circum
987 2372 1052 2410 se
1078 2356 1340 2414 retinere.
1419 2353 1773 2410 Mitescente
1806 2371 1947 2410 vero
1984 2353 2197 2420 hieme,
2224 2353 2373 2410 redit
2400 2355 2486 2410 sol
2518 2356 2579 2410 in
2610 2371 2751 2412 me·-

528 2433 696 2492 dium
724 2433 958 2497 coelum,
987 2440 1046 2490 et
1071 2435 1146 2489 ab
1175 2451 1246 2489 eo
1273 2432 1411 2487 inde
1437 2438 1703 2507 tempore
1730 2433 1943 2506 pariter
1970 2450 2043 2488 ex
2071 2433 2343 2488 omnibus
2390 2432 2753 2492 fluminibus

531 2530 748 2587 aquam
776 2513 1028 2568 attrahit.
1109 2512 1264 2568 Ante
1299 2512 1358 2566 id
1387 2519 1619 2582 tempus
1648 2512 1853 2584 igitur,
1886 2527 2069 2585 quum
2092 2513 2285 2568 multa
2310 2511 2380 2568 de
2406 2511 2557 2572 coelo
2584 2529 2752 2586 aqua

530 2591 724 2648 fluviis
777 2592 1111 2656 misceatur,
1161 2589 1376 2662 quippe
1417 2589 1703 2644 imbribus
1756 2589 1993 2662 perfusa
2038 2597 2212 2655 terra,
2264 2591 2751 2664 torrentibusque

530 2675 829 2734 excavata,
871 2668 1122 2744 grandes
1173 2667 1260 2722 illi
1305 2667 1530 2723 fluunt:
1582 2674 1781 2724 aestate
1826 2685 1987 2734 vero,
2016 2669 2379 2724 cessantibus
2424 2665 2749 2736 imbribus,

531 2755 592 2804 et
633 2747 757 2803 sole
797 2765 1020 2820 aquam,
1053 2747 1367 2802 fluviorum
1409 2747 1753 2811 attrahente,
1804 2746 1995 2803 fluunt
2038 2755 2263 2802 tenues.
2343 2746 2545 2807 Quare
2592 2765 2746 2804 con-

465 2839 468 2842 ’
532 2831 880 2886 sentaneum
909 2833 1019 2891 est,
1048 2832 1118 2880 ut
1151 2824 1343 2889 Nilne,
1373 2824 1559 2896 quum
1590 2824 1883 2882 'imbribus
1926 2842 2043 2880 non
2088 2831 2393 2899 augeatur,
2420 2843 2576 2898 aqua
2600 2843 2751 2884 vero

531 2899 658 2974 ejus
685 2923 722 2960 a
745 2904 872 2960 sole
897 2901 1241 2967 attrabatur,
1267 2919 1372 2974 per
1387 2903 1641 2960 hiemem
1662 2904 1855 2960 multo
1880 2903 2119 2960 tenuior
2132 2903 2279 2960 fluat
2295 2921 2472 2977 quam
2494 2909 2745 2961 aestate.

467 2992 473 2997 “
531 2988 732 3040 aestate
757 2984 917 3040 enim
943 2983 1156 3055 pariter
1182 2988 1354 3058 atque
1397 2980 1525 3036 aliae
1566 2999 1773 3038 omnes
1810 2999 1977 3056 aquae
2014 2982 2351 3048 attrahitur,
2379 2983 2571 3038 hieme
2602 3001 2751 3040 vero

529 3062 690 3118 solus
721 3061 834 3118 hoc
859 3062 1092 3135 patitur.
1173 3060 1268 3121 Ita
1291 3059 1563 3138 equidem
1602 3060 1751 3118 mihi
1777 3060 2059 3134 persuasi,
2088 3060 2275 3118 solem
2300 3077 2425 3117 esse
2448 3057 2629 3132 hujus
2658 3064 2746 3119 rei

435 3171 442 3174 ·
531 3158 816 3198 caussam·

611 3224 707 3277 26.
749 3219 858 3276 Est
898 3228 1118 3286 autem,
1145 3228 1218 3277 ut
1240 3237 1374 3275 mea
1411 3220 1527 3275 fert
1570 3221 1795 3312 opinio,
1819 3221 1977 3276 idem
2020 3221 2107 3276 sol
2146 3221 2325 3277 etiam
2352 3237 2578 3286 caussa,
2608 3237 2749 3294 quoe

530 3303 602 3354 ut
627 3315 727 3354 aer
751 3299 837 3352 ibi
861 3298 1048 3355 siccus
1093 3295 1170 3354 sit
1215 3297 1416 3364 efficit,
1455 3299 1657 3355 omnia
1702 3317 1818 3374 qua
1859 3301 2070 3356 transit
2118 3316 2412 3356 exurens:
2458 3299 2625 3356 unde
2648 3300 2747 3366 fit,

530 3382 600 3432 ut
625 3377 922 3450 superiora
949 3373 1152 3451 Libyae
1179 3384 1460 3448 perpetuo
1490 3386 1637 3434 aestu
1659 3387 2018 3452 premantur.
2098 3378 2273 3440 Quod
2298 3380 2349 3434 si
2376 3385 2747 3452 permutare-

529 3462 632 3510 tur
655 3455 832 3512 statio
859 3456 1166 3530 plagarum
1207 3455 1383 3525 coeli3
1431 3456 1481 3512 si
1509 3457 1573 3510 in
1600 3475 1669 3512 ea
1694 3465 1878 3531 parte,
1928 3475 2049 3531 qua
2080 3473 2235 3512 nunc
2272 3465 2389 3512 stat
2430 3457 2637 3512 boreas
2682 3465 2751 3514 et

531 3532 746 3600 hiems,
775 3533 930 3588 foret
953 3542 1125 3592 notus
1165 3539 1227 3590 et
1263 3533 1575 3589 meridies·
1561 3559 1577 3604 3
1624 3543 1853 3602 contra,
1882 3536 1983 3593 ubi
2014 3553 2171 3593 nunc
2196 3542 2389 3601 notuS,
2418 3535 2503 3590 ibi
2532 3535 2747 3591 boreas

531 3619 750 3670 staret:
797 3613 922 3668 haec
947 3613 997 3666 si
1024 3612 1107 3668 ita
1139 3612 1445 3677 haberent,
1478 3613 1567 3668 sol
1609 3615 1685 3670 ab
1723 3615 1915 3670 hieme
1953 3623 2012 3670 et
2062 3615 2237 3670 borea
2278 3631 2311 3669 e
2352 3610 2549 3670 medio
2592 3615 2749 3670 coelo

533 3690 832 3765 depulsus,
852 3691 1208 3762 ‘transiturus
1233 3698 1383 3747 esset
1415 3694 1718 3765 superiora
1746 3693 2019 3766 Europae,
2047 3692 2547 3767 quemadmodum
2578 3709 2747 3748 nunc

533 3772 832 3842 superiora
875 3768 1095 3839 Libyae.
1176 3769 1348 3830 Quod
1395 3770 1444 3824 si
1490 3788 1631 3846 ergo
1676 3790 1779 3846 per
1822 3772 2117 3844 Europam
2148 3788 2385 3828 omnem
2432 3771 2741 3837 transiret,

531 3849 802 3906 existimo
829 3866 963 3904 eum
993 3849 1148 3904 Istro
1166 3847 1392 3904 flumini
1421 3848 1581 3904 idem
1602 3867 1727 3906 esse
1740 3850 2036 3907 facturum
2056 3851 2213 3924 quod
2244 3848 2557 3905 nunc‘Nilo
2576 3849 2747 3906 facit.

531 3957 540 3964 ·
611 3931 708 3989 27.
750 3929 842 3986 De
869 3945 1012 3982 aura
1036 3944 1194 3994 vex-0,
1219 3927 1376 4000 quod
1406 3944 1481 3980 ex
1506 3927 1649 3985 Nilo
1678 3946 1799 3986 non
1821 3930 2049 4003 perflat,
2081 3931 2205 3985 haec
2230 3936 2319 3985 est
2344 3944 2479 3983 mea
2500 3935 2749 3984 senten-

529 4006 653 4074 tia:
696 4006 866 4063 nullo
891 4005 1072 4061 modo
1097 4021 1222 4060 esse
1247 4013 1735 4076 consentaneum,
1760 4016 1831 4064 ut
1860 4026 1893 4064 e
1918 4008 2121 4066 calidis
2148 4006 2291 4066 locis
2318 4024 2464 4064 aura
2488 4005 2743 4084 perflet:

535 4101 678 4150 aura
701 4085 860 4148 enim
886 4101 920 4141 e
941 4083 1158 4166 frigido
1185 4083 1382 4164 aliquo
1407 4081 1609 4158 spirat.
