2925 4992
588 336 705 392 378
1097 327 1594 389 HERODOTI
1655 322 2016 389 HISTOR.
2070 326 2236 389 VIII.

585 498 785 547 tamen
829 488 1215 555 resistebant;
1282 503 1391 544 nec
1431 487 1793 545 conditiones
1835 488 1908 544 de
1953 488 2250 545 deditione
2295 487 2670 556 admittebant,
2707 508 2737 545 a

586 568 963 626 Pisistratidis
992 567 1335 641 propositas.
1415 566 1790 622 Resistebant
1829 572 2051 631 autem,
2078 584 2264 641 quum
2291 567 2406 623 alia
2427 576 2618 624 contra
2635 586 2738 623 ma-

586 650 918 712 chinantes„
948 655 1079 703 tum
1106 660 1186 711 et,
1214 645 1445 718 quoties
1472 645 1542 700 ad
1573 652 1803 718 portam
1843 645 2218 702 succederent
2246 646 2495 713 barbari,
2524 648 2743 722 ingenti-

590 728 703 784 bus
729 726 789 781 in
817 742 915 781 eos
943 725 1097 781 saxis
1124 723 1417 780 devolutis
1441 748 1457 794 ;
1503 732 1574 779 ut
1601 722 1807 796 perdiu
1832 718 2058 806 Xerxes
2099 725 2270 799 inops
2317 725 2496 781 fuerit
2537 726 2747 791 consilii,

592 821 781 881 quum
808 804 941 860 illos
964 820 1301 878 expugnare
1326 818 1447 857 non
1478 808 1692 876 posset.
1938 807 1981 846 ⁸

674 888 771 939 53.
810 882 899 939 Ad
928 891 1258 939 extremum
1300 896 1461 947 vero,
1493 888 1626 955 post
1663 881 1796 938 illas
1839 854 2231 947 diffieffltates,
2259 882 2528 941 introitus
2551 884 2751 957 quidam

594 964 655 1020 in
684 978 879 1018 arcem
909 960 1168 1017 barbaris
1194 960 1502 1035 adparuit:
1549 959 1754 1017 debuit
1779 962 1965 1027 enim,
1981 956 2153 1030 juxta
2171 965 2498 1029 oraculum,
2521 964 2756 1019 universa

592 1040 1041 1098 Atheniensium
1084 1046 1257 1105 terra,
1299 1045 1586 1112 quatenus
1631 1039 1694 1094 in
1739 1037 2072 1095 continente
2115 1047 2259 1104 erat,
2299 1042 2360 1097 in
2409 1043 2756 1103 Bai-batorum

593 1119 795 1176 venire
824 1126 1191 1192 potestatem.
1271 1116 1415 1172 Erat
1440 1118 1624 1191 igitur
1649 1125 1791 1174 ante
1819 1136 2037 1185 arcem,
2063 1118 2162 1174 sed
2207 1119 2266 1175 in
2293 1128 2456 1195 parte
2483 1140 2517 1175 a
2543 1128 2688 1195 porta
2707 1130 2755 1173 et

594 1199 881 1256 adscensu
906 1214 1127 1261 aversa,
1155 1196 1319 1252 locus
1346 1196 1448 1252 ubi
1479 1212 1654 1252 nemo
1677 1196 2028 1263 excubabat,
2059 1204 2118 1252 et
2145 1197 2244 1253 ubi
2277 1216 2455 1255 nemo
2479 1199 2756 1256 crediderat

596 1292 952 1351 quemquam
984 1276 1319 1332 .hominum
1366 1291 1653 1348 umquam
1705 1275 2156 1333 adscensurum:
2215 1294 2286 1332 eo
2336 1279 2486 1344 loco,
2530 1276 2756 1351 quamvis

595 1362 911 1430 praeruptO,
954 1354 1378 1411 adscenderunt
1432 1354 1702 1410 nonnulli
1751 1372 1932 1428 prope
1977 1350 2217 1425 Aglauri
2244 1354 2472 1430 fantum,
2524 1354 2756 1429 Cecropis

594 1434 751 1491 filiae.
830 1434 997 1495 Quos
1024 1440 1089 1489 ut
1118 1433 1179 1487 in
1210 1450 1399 1487 arcem
1427 1432 1833 1489 conscendisse
1875 1432 2144 1489 viderunt
2169 1436 2569 1501 AthenienseS,
2595 1434 2681 1489 alii
2703 1434 2758 1491 de

596 1530 771 1569 muro
812 1528 938 1568 sese
984 1510 1425 1586 praecipitarunt
1477 1513 1912 1585 perieruntque,
1961 1511 2059 1565 alii
2103 1511 2165 1566 in
2212 1514 2548 1571 interiorem
2587 1510 2757 1585 templi

598 1592 786 1648 aedem
838 1590 1256 1664 confugerunt.
1348 1590 1537 1646 Persae
1586 1606 1726 1645 vero
1777 1590 1878 1663 qui
1923 1588 2362 1659 adscenderant,
2419 1594 2659 1666 primum
2702 1590 2757 1646 ad

599 1677 830 1743 portam
872 1670 1277 1733 adeun-erunt,
1325 1685 1512 1741 eaque
1555 1677 1756 1741 aperta
1801 1668 2170 1724 trucidarunt
2213 1672 2542 1745 supplices3
2584 1669 2760 1743 quibus

601 1748 884 1806 omnibus
930 1748 1161 1812 occisis,
1192 1747 1518 1820 spoliarunt
1557 1746 1868 1822 templum,
1897 1754 1959 1802 et
2009 1746 2343 1806 universam
2397 1752 2659 1823 acropolin
2693 1750 2759 1804 in-

607 1828 917 1883 cenderunt.

682 1907 777 1962 54.
815 1907 870 1962 T
872 1925 974 1962 um
1020 1907 1271 1968 Xerxes,
1315 1905 1562 1961 Athenis
1603 1906 1838 1979 penitus
1880 1908 2107 1978 potitus,
2135 1908 2396 1981 equitem
2443 1910 2585 1965 Susa
2615 1907 2760 1972 misit,

602 1985 705 2058 qui
728 1985 1025 2042 Artabano
1052 2002 1176 2041 rem
1204 1984 1453 2042 feliciter
1477 1991 1708 2059 gestam
1753 1985 2073 2041 nunciaret.
2159 1987 2440 2044 Postridie
2467 2006 2598 2044 vero
2619 2002 2759 2061 quam

603 2064 894 2120 nuncium
948 2063 1101 2117 hunc
1150 2062 1391 2128 dimisit,
1446 2064 1784 2118 convocatis
1832 2062 2281 2121 Atheniensium
2332 2067 2639 2132 exsulibus,
2685 2061 2762 2137 qui

604 2141 765 2199 illius
790 2147 981 2197 castra
1004 2140 1419 2214 sequebantur,
1446 2141 1770 2207 mandavit,
1795 2150 1866 2197 ut
1893 2142 1954 2198 in
1979 2159 2172 2199 arcem
2199 2144 2628 2210 adscenderent,
2651 2160 2760 2200 suo-

604 2237 719 2295 que
747 2220 863 2276 ritu
886 2219 971 2276 ibi
1012 2237 1176 2276 sacra
1200 2218 1461 2275 facerent
1486 2245 1503 2290 3
1549 2220 1672 2274 sive
1699 2220 1854 2294 quod
1898 2221 2026 2277 viso
2067 2230 2362 2279 nocturno
2397 2226 2644 2280 monitus
2678 2223 2762 2277 hoc
2864 2250 2865 2253 =

604 2301 719 2357 illis
750 2299 1075 2373 imperavit,
1106 2299 1231 2355 sive
1260 2295 1465 2373 religio
1505 2296 1770 2373 quaedam
1813 2316 1953 2355 eum
1995 2302 2308 2357 incesserat
2334 2304 2493 2377 quod
2521 2302 2763 2377 templum

606 2384 937 2435 cremasset.
1019 2378 1099 2433 Et
1124 2378 1564 2433 Atheniensium
1593 2376 1824 2433 exsules
1853 2378 2124 2434 mandata
2152 2380 2436 2440 fecerunt.

666 2461 783 2514 55.
824 2457 948 2513 Cur
973 2464 1168 2520 autem
1203 2452 1377 2525 hujus
1408 2457 1488 2511 rei
1519 2456 1752 2512 fecerim
1785 2456 2170 2524 mentionem,
2193 2459 2406 2516 dicam.
2487 2462 2590 2517 Est
2610 2460 2662 2515 in
2683 2459 2763 2513 hac

606 2535 867 2610 acropoli
907 2536 1166 2607 templum
1194 2534 1485 2590 Erechthei
1523 2534 1699 2600 illius,
1727 2532 1830 2607 qui
1873 2544 2025 2590 terra
2064 2536 2300 2609 genitus
2343 2541 2573 2607 dicitur,
2599 2538 2764 2613 quoin

608 2615 835 2687 templo
861 2615 979 2670 olea
1019 2614 1169 2668 inest
1194 2620 1255 2667 et
1280 2630 1447 2677 mare,
1477 2630 1608 2685 quae
1631 2613 1801 2669 aiunt
1841 2630 1876 2666 a
1913 2614 2198 2686 Neptuno
2223 2625 2284 2672 et
2312 2618 2594 2683 Minerva,
2618 2630 2762 2688 quum

607 2694 681 2749 de
733 2694 843 2748 hae
894 2700 1044 2748 terra
1072 2692 1223 2746 inter
1258 2708 1319 2747 se
1360 2700 1672 2757 certarent,
1699 2691 1946 2748 testibus
1992 2693 2292 2750 advocatis
2335 2696 2762 2757 AtheniensibuS,

536 2772 541 2777 ’
605 2771 803 2846 posita
846 2771 930 2826 ibi
977 2770 1174 2826 fuisse.
1255 2768 1403 2825 Haec
1446 2770 1630 2842 igitur
1677 2769 1808 2825 olea
1855 2770 2034 2826 simul
2085 2789 2222 2829 eum
2262 2773 2490 2851 reliquo
2529 2774 2764 2851 temploa

606 2849 871 2907 barbaris
896 2856 1021 2907 erat
1057 2855 1346 2921 cremata:
1394 2848 1579 2904 altero
1622 2865 1764 2903 vero
1807 2848 1882 2903 ab
1929 2848 2042 2905 hoc
2079 2852 2356 2907 incendio
2401 2856 2514 2921 die,
2539 2864 2603 2910 ut
2639 2854 2688 2907 in
2719 2848 2763 2903 id

608 2930 901 3004 templum
941 2927 1367 2984 adscenderunt
1391 2926 1774 2983 Athenienses
1813 2944 1975 2982 sacra
2003 2928 2193 2985 facere
2208 2926 2358 2999 jussi
2387 2952 2426 2989 a
2447 2934 2646 2997 Xerxe,
2669 2945 2765 2984 sur·
2861 2946 2863 2975 2

608 3009 813 3065 culum
858 3006 1135 3063 viderunt
1181 3024 1214 3061 e
1254 3006 1455 3079 stipite
1500 3013 1766 3072 enatum,
1811 3004 1994 3062 cubiti
2038 3006 2160 3065 fere
2204 3008 2592 3117 longitud’w.
2661 3008 2764 3064 Hoc
2861 3030 2863 3061 ε

609 3088 849 3167 quidem
878 3087 965 3142 illi
990 3094 1415 3143 memorarunt.

690 3171 785 3224 56.
824 3165 1018 3223 Graeci
1044 3182 1185 3221 vero
1225 3166 1299 3219 ad
1338 3164 1690 3231 Salaminem,
1733 3171 1802 3219 ut
1839 3165 2181 3223 nunciatum
2223 3175 2315 3224 est
2361 3170 2446 3226 eis
2491 3161 2600 3244 qu‘o
2643 3170 2764 3224 statu

608 3253 761 3305 esset
785 3244 1155 3303 Athenarum
1190 3243 1498 3317 acropolis„
1529 3250 1696 3299 tanto
1733 3249 1871 3299 sunt
1905 3252 2122 3301 terrore
2171 3248 2448 3319 perculsi,
2479 3258 2542 3305 ut
2569 3266 2599 3303 e
2635 3244 2764 3301 d‘uci-

607 3327 719 3383 bus
744 3323 1021 3382 nonnulli
1044 3340 1119 3379 ne
1144 3324 1472 3378 manserint
1497 3322 1734 3397 quidem
1763 3321 1946 3378 donec
1970 3340 2146 3396 super
2169 3328 2496 3399 quaestione
2523 3323 2766 3401 proposita

608 3404 775 3462 fieret
814 3403 1134 3467 decretum,
1164 3400 1263 3455 sed
1305 3402 1369 3456 in
1400 3416 1576 3455 naves
1599 3416 1726 3456 sese
1765 3396 2140 3472 conjicientes
2165 3405 2298 3461 vela
2325 3406 2626 3479 penderint
2647 3413 2765 3460 tam·

606 3501 787 3558 quam
841 3478 1057 3538 abituri
1076 3504 1092 3550 3
1148 3479 1357 3553 reliqui
1414 3497 1554 3535 vero
1603 3496 1666 3534 re
1709 3479 2028 3536 deliberata
2079 3480 2326 3540 fecerint
2369 3486 2670 3547 decretum,
2713 3477 2768 3533 ad

611 3563 877 3619 Isthmum
904 3578 1013 3617 esse
1033 3560 1403 3632 pugnandum.
1472 3557 1724 3631 Jamque
1741 3575 1853 3615 nox
1881 3559 2080 3617 aderat
2095 3584 2113 3631 3
2159 3570 2220 3618 et
2245 3563 2306 3619 hi
2335 3580 2584 3639 quoque,
2610 3561 2768 3618 soluto

606 3658 915 3704 consessu,
948 3652 1125 3694 naves
1152 3646 1297 3694 sunt
1322 3636 1590 3713 ingressi.
2757 3634 2763 3643 ’
2859 3672 2861 3675 <

688 3726 782 3779 57.
825 3719 917 3776 Ibi
978 3724 1117 3773 tunc
1166 3713 1649 3783 Themistoclem,
1703 3716 1768 3773 in
1822 3734 2038 3774 navem
2085 3736 2403 3789 reversum,
2435 3713 2769 3794 intewogtwit
2859 3742 2861 3785 ξ

605 3798 1019 3872 Mnesiphilu3‚
1048 3794 1193 3851 civis
1220 3794 1615 3861 Atheniensis,
1646 3797 1904 3868 quidnam
1943 3797 2013 3852 ab
2055 3798 2168 3854 illis
2207 3802 2480 3857 decretum
2610 3797 2623 3807 '
2665 3797 2691 3849 .⁹
2731 3793 2770 3848 Α
2860 3860 2861 3863 ¹

498 3932 503 3937 .
605 3898 725 3951 quo
752 3878 853 3934 ubi
882 3874 1183 3950 cognovit,
1212 3873 1513 3930 decretum
1557 3891 1684 3930 esse
1722 3882 1793 3930 ut
1841 3876 2094 3933 navibus
2121 3878 2194 3935 ad
2216 3876 2510 3935 Isthmum
2651 3879 2768 3931 ucns
2860 3872 2861 3883 ¹

607 3966 745 4013 ante
787 3956 1257 4027 Peloponnesum
1304 3952 1694 4008 dimicarent:
1741 3960 1785 3985 “
1816 3954 1994 4015 Quod
2039 3956 2088 4011 si
2131 3956 2375 4031 igiturp
2423 3959 2627 4032 inquit,
2667 3950 2768 4005 uh,

609 4042 655 4067 “
687 4032 981 4091 Salamine
1010 4031 1312 4100 solverint,
1341 4037 1408 4086 tu
1431 4049 1540 4106 pro
1566 4032 1730 4087 nulla
1753 4032 2004 4106 amplius
2045 4036 2233 4107 patria
2259 4037 2568 4112 pugnabis.
2640 4031 2766 4089 Nam

609 4120 652 4145 “
682 4114 743 4167 in
796 4131 929 4169 suas
979 4112 1198 4185 quique
1245 4110 1510 4165 civitates
1566 4128 1627 4166 se
1678 4111 1981 4183 recipient,
2026 4120 2085 4167 et
2129 4131 2233 4170 nec
2281 4114 2646 4188 Eurybiades,
2685 4122 2766 4163 nee

608 4199 651 4231 “
679 4192 988 4269 quisquam
1022 4191 1333 4248 hominum
1376 4190 1525 4248 alius
1567 4190 1817 4251 retinere
1851 4206 1952 4245 eos
1999 4194 2234 4267 poterit,
2277 4195 2418 4268 quin
2461 4192 2767 4251 dissolvatur

2727 4334 2832 4492 Ο.
