2925 4992
26 382 36 452 Ι
1085 304 1564 375 ΈΠΤΕΒΡΚ,
2289 312 2424 367 ἨΒ

27 459 36 472 “
202 482 403 541 quum
442 470 709 542 negaret,
738 463 815 523 ad
838 464 1143 524 oraculum
1184 464 1476 523 ducebant
1499 480 1618 537 quo
1641 462 1858 539 quique
1895 462 2252 524 utebantur:
2295 472 2356 523 et
2375 482 2418 523 ι

198 545 418 601 multis
460 544 679 618 passim
718 544 973 601 oraculis
1008 544 1155 601 furti
1190 542 1670 611 convincebatur,
1703 542 1780 601 ab
1819 542 1952 599 aliis
1989 544 2416 603 absolvebatur.

208 622 533 697 Postquam
561 630 763 679 autem
792 638 977 697 regno
1017 624 1241 696 potitus
1266 630 1375 689 eat,
1406 622 1520 677 hoc
1560 621 1740 677 fecit:
1787 622 2142 696 quicumque
2167 620 2248 681 dii
2273 640 2413 681 eum

198 700 355 757 furti
376 702 625 759 crimine
646 702 1047 767 absolverant,
1076 701 1289 758 horum
1328 699 1550 772 templa
1585 699 1949 775 affingebat,
1979 716 2172 774 neque
2197 702 2270 757 ad
2313 702 2416 757 illa

200 780 531 837 reficienda
569 780 897 856 quidquam
942 779 1145 846 dabat,
1176 796 1363 852 neque
1401 795 1568 839 sacra
1601 778 1718 836 iuis
1757 778 1866 835 diis
1893 777 2174 845 faciebat,
2203 788 2272 835 ut
2309 780 2412 853 qui

208 855 429 915 nullius
468 867 667 915 essent
704 858 1015 923 momenti,
1043 874 1151 915 nec
1187 857 1417 913 veracia.
1456 856 1738 913 haberent
1772 856 2032 913 oracula.
2114 858 2236 919 Qui
2275 874 2416 915 vero

198 936 345 995 furti
366 954 515 993 eum
541 944 877 1014 arguerent,
906 936 1121 993 horum
1157 937 1512 1008 praecipuam
1547 952 1758 991 euram
1795 936 2030 1011 agebat,
2049 946 2130 995 -ut
2153 933 2256 1011 qui
2283 954 2416 993 vere

206 1014 285 1071 dii
309 1024 535 1081 essent,
564 1023 627 1071 et
648 1016 887 1073 oracula
910 1030 1029 1071 non
1056 1013 1367 1071 mendacia
1389 1013 1752 1070 exhiberent.

286 1098 423 1157 175.
466 1094 547 1149 Et
569 1094 763 1185 primo
788 1092 1071 1181 quidem
1056 1109 1117 1149 ιιι
1148 1089 1243 1147 sai
1268 1093 1413 1148 urbe
1450 1092 1522 1148 ad
1549 1091 1842 1149 Minervoe
1882 1090 2170 1169 templum
2196 1108 2413 1168 propy-

190 1171 309 1227 ‘laea
332 1172 635 1229 exstruxit
672 1169 981 1237 mirabilia,
1009 1170 1335 1243 superiores
1370 1187 1600 1237 omnes,
1637 1170 1762 1243 [qui
1791 1172 1932 1227 talia
1957 1170 2410 1241 exstruxerant,]

200 1250 521 1307 altitudine
548 1266 851 1323 superans,
878 1259 937 1306 et
968 1248 1381 1322 amplitudine,
1409 1258 1470 1305 et
1511 1250 1771 1323 ipsorum
1813 1251 2074 1324 lapidum
2115 1260 2244 1308 tum
2285 1268 2412 1307 ma·

24 1304 32 1375 Ῑ
200 1329 521 1402 gnitudine
547 1337 679 1385 tum
704 1328 1003 1401 qualitate.
1074 1328 1306 1383 Statuas
1334 1328 1476 1383 item
1501 1344 1744 1401 magnas
1771 1336 1834 1383 et
1861 1330 2088 1403 ingenti
2117 1328 2274 1385 mole
2301 1345 2413 1383 an-

204 1407 603 1482 drosphinges
642 1406 951 1472 dedicavit,
972 1406 1323 1480 'lapidesque
1362 1406 1512 1463 alios
1555 1406 1832 1463 immanis
1875 1407 2300 1482 magnitudinis
2339 1405 2417 1463 ad

204 1485 525 1542 reficienda
566 1482 807 1541 nidificia
844 1484 1207 1559 adgerendos
1248 1484 1492 1541 curavit.
1571 1483 1808 1539 Horum
1835 1485 1934 1541 alii
1959 1503 2034 1543 ex
2075 1486 2413 1560 lapicidina,

204 1581 335 1637 quae
358 1564 647 1619 adversus
666 1562 977 1637 Memphin
1002 1572 1113 1629 est,
1132 1562 1566 1637 adgerebantur
1583 1577 1602 1615 ε
1631 1562 1674 1616 ii
1693 1578 1834 1619 vero
1853 1565 1956 1636 qui
1981 1564 2221 1623 immani
2245 1569 2418 1619 erant

24 1542 32 1653 ἑ
202 1641 655 1717 magnitudine,
682 1660 758 1699 ex
786 1642 1181 1715 Elephantine
1206 1641 1373 1705 urbe,
1396 1658 1534 1714 quae
1561 1640 1789 1697 dieram
1817 1659 1934 1697 non
1973 1642 2174 1699 minus
2199 1640 2418 1717 viginti

204 1721 589 1795 navigatione
617 1720 781 1777 abeat
806 1737 843 1776 a
866 1721 985 1777 Sai.
1062 1719 1239 1781 Quod
1265 1736 1405 1775 vero
1432 1736 1508 1774 ex
1547 1718 1638 1773 his
1667 1734 1784 1773 non
1813 1720 2056 1777 minime
2081 1720 2286 1786 miror,
2313 1718 2418 1775 sed

203 1800 467 1855 maxime
490 1799 795 1865 omnium,
812 1800 950 1855 «edes
976 1806 1065 1855 est
1090 1816 1158 1855 ex
1181 1815 1291 1853 ωηο
1311 1797 1512 1869 lapide,
1539 1812 1716 1870 quam
1743 1814 1818 1853 ex
1841 1798 2243 1872 Elephantine
2267 1796 2418 1853 urbe

23 1772 32 2037 Ι
204 1878 731 1951 transportandam
758 1878 1021 1937 curavit:
1054 1894 1173 1951 qua
1196 1872 1258 1931 in
1288 1874 1733 1967 transportanda
1759 1892 1862 1948 per
1889 1886 2004 1939 tres
2031 1894 2218 1935 annos
2243 1892 2417 1933 oecu-

203 1956 327 2029 pati
368 1964 547 2013 erant
582 1955 703 2013 duo
743 1956 933 2013 millia
972 1956 1305 2020 hominum,
1332 1955 1429 2011 cui
1454 1970 1528 2009 ea
1559 1970 1702 2009 cura
1727 1956 2044 2013 commissa
2067 1964 2212 2021 erat,
2239 1955 2418 2028 hique

24 2046 26 2055 ·
202 2050 411 2091 omnes
434 2042 611 2091 erant
652 2035 893 2091 navium
932 2034 1371 2109 gubernatores.
1452 2028 1648 2101 Huius
1675 2032 1814 2089 aedie
1853 2032 2164 2109 long-itudo
2189 2034 2416 2091 extrin-

23 2062 26 2251 r
198 2128 365 2169 secus
391 2121 485 2169 est
510 2113 695 2169 unius
720 2121 779 2169 et
810 2111 1020 2187 viginti
1047 2112 1417 2179 cubitorum3
1461 2110 1714 2167 latitudo
1741 2128 1903 2179 vere,
1927 2111 2408 2201 quatuordecim·
2387 2154 2407 2180 ‚

199 2191 479 2257 altitudo,
508 2199 645 2247 octo
668 2191 1041 2249 cubitorum.
1086 2191 1179 2246 hae
1212 2199 1351 2247 sunt
1384 2206 1676 2249 mensurae
1711 2190 1856 2247 aedis
1867 2187 2068 2262 hujus
2109 2189 2417 2247 monolitliae

199 2270 590 2329 extrinsecae.
668 2270 1025 2326 Intrinsecus
1066 2268 1372 2344 longitudo
1396 2274 1488 2323 est
1513 2266 1836 2323 octodecim
1871 2270 2208 2327 cubitorum
2235 2277 2294 2325 et
2322 2266 2415 2323 vi-

200 2350 353 2423 ginti
384 2349 755 2423 digitorum,
800 2347 1073 2415 latitudo,
1101 2348 1413 2405 duodecim
1440 2345 1816 2415 cubitorum3
1857 2348 2130 2413 altitud0,
2156 2348 2416 2420 quinque

198 2428 563 2491 cubitorum.
641 2425 843 2483 Posito.
878 2426 1001 2485 hoec
1028 2434 1117 2485 est
1142 2426 1213 2481 ad
1256 2424 1565 2481 introitum
1604 2422 1848 2497 templi.
1893 2443 2030 2483 nam
2073 2426 2224 2481 intra
2261 2432 2414 2481 tem-

202 2505 373 2580 plum
398 2506 573 2563 aiunt
600 2505 710 2562 hac
737 2522 941 2563 caussa
976 2523 1095 2561 non
1132 2504 1317 2561 fuisse
1356 2509 1746 2591 pertractam:
1791 2504 2202 2569 architectum,
2231 2520 2416 2576 quum

200 2592 837 2729 ffffiffississssssffi
856 2582 1431 2754 ῗξξῖῐεωὲζῗέῗὲξ
1436 2578 1909 2733 Ῐῗῖἐὲἰὶῗιξιῗῗ
1929 2584 2414 2737 &smmi

21 2644 24 2811 v
199 2750 537 2803 vertentem
560 2741 809 2813 Amasin
840 2758 967 2799 non
1004 2741 1339 2814 permisisse
1376 2746 1451 2795 ut
1488 2737 1736 2795 ulterius
1764 2748 2220 2812 promoveretur
2243 2738 2412 2797 mdes.

198 2821 313 2881 Alii
336 2838 489 2877 vero
516 2819 703 2885 aiunt,
730 2820 1045 2893 quemdam
1069 2837 1143 2875 ex
1180 2820 1274 2881 his
1296 2818 1401 2891 qui
1424 2816 1690 2873 vectibus
1727 2834 2074 2889 promovere
2095 2818 2282 2875 aedem
2307 2835 2410 2873 co·-

198 2900 529 2965 nabantur,
555 2898 739 2956 fuisse
774 2898 849 2955 ab
886 2898 993 2957 illa
1030 2914 1397 2972 oppresmm,
1424 2903 1489 2953 et
1517 2912 1589 2953 ea
1625 2912 1834 2953 caussa
1867 2914 1992 2955 non
2034 2898 2194 2955 intus
2225 2895 2412 2955 fuisse

200 2986 565 3051 promotam.

206 3104 217 3113 .
279 3060 423 3114 1⁷6.
464 3056 579 3113 Sed
630 3063 691 3113 ει
740 3057 803 3115 in
858 3057 989 3114 aliis
1042 3057 1323 3116 omnibus
1386 3054 1772 3115 nobilioribus
1835 3054 2069 3146 templis
2119 3055 2412 3113 dedicavit

200 3136 437 3193 Amasis
476 3153 657 3207 opera
694 3135 773 3192 ob
816 3119 1289 3212 magnitudinem
1330 3142 1596 3210 spectatu
1635 3134 1858 3209 digna·
1901 3133 1972 3221 in·
2008 3134 2102 3191 his
2140 3134 2414 3207 Memphi

200 3216 467 3273 culusum
491 3215 667 3271 illum
696 3217 1037 3288 resupinum
1078 3223 1215 3273 ante
1241 3213 1494 3271 Vulcani
1533 3214 1848 3286 templum,
1879 3206 2050 3281 eujus
2095 3212 2412 3289 longitudo

200 3294 587 3368 septuaginta
622 3294 878 3367 quinque
917 3294 1135 3368 pedum
1179 3301 1303 3351 est.
1350 3301 1411 3350 et
1447 3309 1624 3365 super
1663 3291 1870 3349 eadem
1910 3291 2032 3348 basi
2077 3292 2210 3349 dure
2249 3299 2412 3349 stant

200 3380 445 3438 statuae‚
470 3379 717 3444 utraque
759 3373 1027 3429 vicenum
1068 3371 1289 3445 pedum
1324 3370 1754 3445 magnitudine,
1783 3370 1966 3425 altera
1999 3370 2074 3427 ab
2113 3388 2234 3427 una
2269 3370 2413 3427 aedis

203 3467 383 3509 sacrae
415 3458 605 3524 parte,
632 3450 815 3508 altera
838 3451 915 3507 ab
942 3448 1157 3507 altera.
1209 3450 1414 3506 omnia
1440 3452 1566 3505 haec
1591 3468 1666 3505 ex
1691 3448 2030 3521 AEthiopico
2057 3448 2248 3522 lapide
2274 3466 2408 3523 per-

21 3454 24 3643 ὶ
200 3528 373 3588 fecta.
414 3530 529 3587 Est
553 3537 755 3587 autem
782 3530 957 3587 etiam
1004 3530 1064 3585 in
1096 3528 1193 3585 Sai
1214 3529 1361 3585 urbe
1388 3528 1596 3583 similis
1637 3526 1866 3583 colossus
1889 3526 2174 3601 lapidem,
2201 3527 2408 3585 eodem

196 3607 413 3667 habitu
439 3600 665 3683 positus
684 3624 801 3681 quo
830 3607 929 3665 ille
956 3608 1241 3695 Memphi.
1281 3606 1484 3663 Etiam
1531 3606 1672 3661 Isidi
1715 3606 2004 3678 templum
2046 3606 2211 3671 illud,
2252 3604 2410 3679 quod

198 3685 477 3762 Memphi
500 3693 615 3754 est,
640 3684 869 3743 Amasis
894 3682 1201 3753 exstruxit,
1226 3702 1516 3761 magnum
1543 3692 1604 3741 et
1629 3692 1890 3758 spectatu
1915 3684 2348 3759 dignissimum.

280 3771 419 3825 1¹77.
458 3764 777 3839 Regnante
830 3766 1031 3822 Amasi
1082 3766 1283 3821 dieunt
1332 3763 1666 3850 AEgyptum
1717 3764 2097 3857 prosperitate
2147 3762 2410 3817 maxime

198 3840 487 3911 floruisse,
520 3850 651 3901 tum
676 3843 837 3916 quod
862 3845 933 3901 ad
960 3842 1275 3901 commoda
1298 3836 1524 3916 spectat
1550 3858 1684 3915 quae
1727 3842 1866 3898 ὓιιι
1855 3856 1940 3899 nus
1969 3840 2197 3915 regioni
2223 3840 2407 3914 largi-

198 3928 315 3994 tur,
347 3933 479 3985 tum
508 3923 583 3979 ad
612 3938 685 3979 ea
706 3938 840 3995 quae
864 3940 897 3981 e
920 3930 1077 3981 terra
1100 3922 1373 3980 homines
1412 3921 1774 3993 percipiunt.
1817 3928 1880 3975 et
1901 3918 2116 4006 oppida
2149 3919 2412 3975 habitata

198 4000 263 4059 in
288 4022 361 4061 ea
380 4012 533 4063 mne
574 4001 762 4057 misse
786 4000 958 4057 vicies
1001 4000 1201 4057 mille.
1260 4000 1489 4056 Amasis
1527 4000 1706 4057 etiam
1735 4006 1845 4064 est,
1873 3992 1974 4069 qui
2009 3996 2201 4071 legem
2243 3997 2408 4055 inam

196 4082 505 4159 AEgyptiis
527 4079 861 4146 constituit,
887 4088 955 4136 ut
980 4077 1373 4153 Egyptian-um
1410 4079 1634 4150 quisque
1657 4077 1943 4149 quotannis
1967 4075 2118 4147 apud
2151 4079 2298 4134 nonii
2321 4076 2410 4133 sui

190 4160 511 4241 ptq‘eemn
536 4156 923 4237 profiteretur,
940 4160 1085 4217 unde
1105 4160 1279 4217 vitam
1318 4162 1614 4215 susteatet.-
1652 4156 1748 4227 qui
1783 4152 1885 4213 Ιιοι
1905 4170 2014 4215 ιιοιι
2035 4152 2280 4229 facer-et,
2305 4160 2409 4213 aut
2523 4152 2532 4159 ’

1254 4236 1359 4291 32
