2925 4992
586 302 703 361 11⁹
1142 294 1645 357 HERODOTI
1705 292 2073 355 HISTOR.
2125 295 2210 354 11.

576 458 798 537 quippe
850 455 969 515 sibi
1014 461 1138 513 erat
1178 455 1505 514 adstantem
1533 454 1744 511 videre
1781 454 2116 522 hominem,
2155 449 2260 529 qui
2297 454 2354 511 ei
2393 456 2694 523 studeret,
2721 468 2796 515 ut

578 537 905 594 sacerdotes
948 553 1180 604 omnes,
1223 534 1327 609 qui
1366 535 1427 590 in
1475 534 1744 609 AEgypto
1785 542 2002 601 essent,
2030 542 2442 609 congregaret,
2469 543 2530 592 et
2559 536 2793 593 medios

572 616 941 672 discinderet.
1025 614 1157 671 Hac
1182 620 1512 690 ⁴conspecta
1555 612 1776 669 visione
1815 612 2030 669 dixisse
2069 630 2228 679 eum,
2259 612 2444 669 videri
2483 614 2599 670 sibi
2623 614 2793 671 Deos

572 694 729 751 hanc
756 694 1061 750 ostendere
1087 694 1343 750 voluisse
1367 692 1758 757 occasionem,
1787 707 1924 765 qua,
1953 690 2184 765 piaculo
2223 691 2280 761 in
2311 708 2474 747 sacra
2499 692 2790 760 admisso,

570 780 675 831 aut
701 788 737 828 a
762 772 873 829 diis
898 773 1036 846 ipsis
1064 778 1167 828 aut
1194 772 1269 828 ab
1295 769 1634 827 hominibus
1653 786 1877 843 magno
1903 769 2061 825 malo
2085 769 2506 838 mulctaretur,
2553 789 2618 827 se
2645 789 2790 827 vero

566 852 685 909 hoc
725 850 955 907 facinus
1002 868 1125 907 non
1174 849 1606 911 admissurum:
1671 848 1774 903 sed
1817 848 2027 903 exiisse
2071 856 2330 921 tempuS,
2383 864 2504 922 quo
2551 860 2789 917 exactO,

566 937 881 1005 postquam
921 924 1160 987 interim
1204 929 1265 983 in
1303 926 1572 1003 AEgypto
1619 934 1938 1001 regnasset,
1981 926 2400 981 discedendum
2447 927 2562 983 sibi
2611 935 2788 985 esset.
2853 948 2862 955 ·

566 1002 833 1074 Etenim,
880 1025 1067 1081 quum
1112 1007 1174 1062 in
1222 996 1534 1079 AEthiopia
1577 1004 1757 1061 etiam
1809 1012 1938 1061 tum
1977 1005 2211 1070 fuisset,
2257 1005 2518 1073 oracula,
2563 1007 2787 1079 quibus

564 1094 821 1156 utuntur
846 1086 1179 1159 AEthiopes‚
1209 1085 1534 1161 edixerant,
1560 1100 1787 1155 regnare
1801 1100 1922 1139 eum
1939 1085 1997 1138 in
2019 1083 2272 1155 AEgypto
2295 1083 2487 1139 debere
2505 1088 2787 1157 quinqua·-

562 1158 723 1239 ginta
768 1182 953 1220 annos.
1052 1164 1259 1237 Itaque
1302 1162 1472 1219 finito
1518 1162 1636 1239 hoc·
1675 1171 1958 1235 tempore,
1986 1162 2232 1219 territus·
2265 1162 2442 1219 etiam
2480 1171 2787 1221 nocturno

562 1245 715 1310 vise,
744 1250 957 1317 sponte
984 1260 1058 1298 ex
1083 1242 1349 1317 AEgypto
1376 1239 1638 1297 discessit
1664 1238 1934 1319 Sabaeos..
2071 1313 2074 1317 ι
2803 1304 2810 1311 ‚

648 1327 778 1381 140.
819 1321 963 1379 Post
978 1317 1147 1391 cujus
1168 1320 1490 1377 discessum
1511 1335 1786 1393 regnasse
1801 1319 2017 1375 iterum
2038 1317 2313 1377 dixerunt
2331 1338 2551 1377 caecum
2579 1321 2779 1393 illum,

560 1400 910 1457 redeuntem
936 1416 969 1455 e
996 1399 1335 1473 paludibus,
1362 1398 1470 1454 ubi
1503 1396 1931 1472 quinquaginta
1969 1415 2157 1455 annos
2183 1399 2439 1455 insulam
2467 1400 2781 1459 habitave-

560 1486 673 1553 rat,
703 1496 879 1553 quam
986 1480 1127 1555 gere
1164 1496 1238 1534 ex
1263 1478 1459 1533 cinere
1499 1486 1558 1532 et
1597 1483 1752 1531 terra
1777 1476 2022 1551 adgesto
2047 1476 2523 1535 circumdederat.
2605 1480 2781 1541 Quo·-

558 1554 669 1615 ties
693 1558 853 1615 euim
882 1576 917 1613 a
960 1557 1257 1613 venissent
1280 1554 1573 1631 AEgyptii,
1601 1562 1776 1627 prout
1799 1553 2130 1629 quibusque
2158 1556 2512 1631 imperatum
2539 1556 2781 1628 fuisset,

556 1637 741 1697 inscio
766 1628 1059 1709 AE'thiope·
1074 1636 1441 1691 frumentum
1466 1634 1520 1689 ei
1543 1628 1894 1699 adferentes,
1912 1627 2158 1701 jussisse
2207 1652 2344 1691 eum
2372 1634 2482 1691 hos
2523 1640 2592 1691 u't
2632 1654 2780 1696 cum

554 1698 785 1793 reliquo
814 1714 975 1771 dono
1025 1714 1203 1771 etiam
1232 1714 1488 1769 cinerem
1527 1711 1643 1768 sibi·
1685 1710 1996 1769 adferrent.
2077 1713 2249 1771 Hanc
2289 1714 2548 1771 insulam
2591 1732 2780 1773 nemo

557 1796 695 1850 ante
732 1796 1095 1869 Amyrtaeum
1142 1792 1339 1866 potuit
1380 1790 1645 1847 invenire
1663 1806 1683 1844 ε
1748 1790 1848 1847 sed
1915 1808 2018 1863 per
2061 1792 2418 1867 quingentos
2467 1810 2664 1851 annos
2715 1803 2782 1852 et

556 1866 813 1945 amplius
840 1868 1273 1945 anquisiverant
1312 1887 1445 1925 eam
1485 1868 1809 1943 superiores
1835 1869 2132 1941 Amyrtaeo
2167 1887 2355 1946 reges,
2381 1888 2493 1927 nec
2517 1873 2780 1947 reperire

554 1947 886 2025 potuerant.
968 1932 1077 2005 Est
1120 1956 1320 2005 autem
1376 1964 1594 2003 nomen
1647 1947 1860 2003 insulae
1909 1947 2063 2005 Elbo
2083 1965 2102 2004 ε
2159 1950 2513 2024 magnitudo
2563 1944 2800 2011 decem'
2842 1962 2848 1968 “

558 2028 881 2085 stadiomm
906 2026 1395 2100 quaquaversum.
1935 2097 1941 2103 .
2531 2072 2540 2081 .

627 2111 773 2164 141.
813 2103 1167 2162 Post‘istum
1192 2123 1472 2180 regnasse
1491 2097 1851 2181 sacerdotem
1886 2102 2165 2174 Vulcani,
2187 2100 2284 2164 eui
2301 2126 2516 2167 nornen
2544 2109 2778 2171 Sethon.

553 2184 742 2243 Hunc
784 2184 1131 2260 neglexisse,
1160 2202 1267 2241 nec
1290 2184 1417 2241 ullo
1440 2185 1576 2241 loco
1602 2184 1778 2241 habui
1787 2202 1878 2241 sse
1906 2184 2260 2243 bellatorum
2283 2188 2570 2257 ordinem,
2597 2193 2776 2265 quasi

552 2263 704 2321 nihil
730 2264 823 2321 his
850 2260 1181 2339 indigeret:
1228 2271 1288 2319 et
1314 2281 1504 2338 quum
1543 2264 1670 2319 aliis
1712 2262 1884 2320 rebus
1919 2264 2310 2339 ignominiose
2337 2285 2436 2323 eos
2463 2276 2774 2339 tractasse,

550 2350 681 2401 tum
710 2342 996 2400 ademisse
1023 2342 1107 2399 eis
1129 2338 1363 2419 jugera,
1390 2360 1524 2416 quae
1562 2344 1674 2399 sub
1713 2342 2007 2416 prioribus
2047 2342 2288 2418 regibus
2311 2346 2528 2403 eximia
2551 2350 2778 2424 cuique

500 2474 512 2483 .
549 2422 861 2481 duodecim
891 2419 1125 2481 fuerant
1166 2422 1486 2479 adtributa.
1564 2420 1796 2478 Deinde
1828 2439 1990 2489 vero,
2017 2439 2206 2495 quum
2251 2424 2530 2483 adversus
2572 2426 2777 2503 AEgy-

547 2508 719 2577 ptum
758 2500 1067 2575 ingentem
1092 2500 1417 2578 caercitum
1448 2498 1688 2556 duceret
1729 2500 2155 2568 Sanacharibus‚
2203 2502 2463 2560 Arabum
2501 2515 2562 2560 et
2587 2505 2776 2580 Assy-

548 2580 775 2637 riorum
822 2596 945 2645 rex,
974 2575 1231 2635 noluisse
1268 2585 1608 2651 pugnatum
1634 2578 1792 2634 exire
1826 2574 2138 2637 bellatores
2161 2579 2604 2655 AEgyptiorum.
2687 2584 2776 2643 Et

549 2658 938 2723 sacerdotem,
984 2656 1057 2713 ad
1102 2656 1335 2713 consilii
1377 2656 1643 2729 inopiam
1685 2656 2009 2723 redactum,
2039 2658 2226 2717 aedem
2260 2659 2360 2717 dei
2403 2661 2772 2736 ingressum,

547 2736 707 2811 apud
748 2730 1129 2793 simulacrum
1176 2753 1303 2793 esse
1341 2730 1749 2803 lamentatum,
1779 2744 2016 2810 quantae
2053 2737 2403 2795 calamitatis
2434 2741 2772 2813 periculum

546 2816 752 2873 adiret.
833 2812 1215 2872 Lamentanti
1254 2815 1580 2889 obrepsisse
1619 2831 1918 2882 somnum,
1947 2823 2007 2872 et
2044 2834 2150 2889 per
2190 2814 2446 2889 quietem
2485 2818 2684 2877 visum
2711 2823 2772 2879 ei

546 2911 698 2961 esse,
726 2892 1059 2971 adstantem
1087 2892 1265 2951 deum
1286 2890 1534 2965 jussisse
1579 2906 1715 2951 eum
1745 2894 2058 2961 confidere,
2085 2893 2302 2969 quippe
2343 2896 2494 2953 nihil
2531 2898 2770 2957 incom-

545 2974 713 3035 modi
736 2988 1085 3047 ‘passurum,
1130 2973 1181 3029 si
1218 2971 1472 3029 Arabico
1515 2974 1800 3029 exercitui
1845 2968 2080 3030 obviam
2131 2974 2306 3030 isset:
2352 2976 2544 3049 ipsum
2595 2979 2768 3037 enim

546 3052 727 3109 deum
774 3048 1081 3109 auxiliares
1122 3046 1178 3108 ei
1216 3051 1417 3123 copias
1462 3052 1806 3109 missurum.
1885 3051 2024 3108 Hoc
2048 3052 2352 3109 insomnio
2379 3054 2624 3123 fretum,
2655 3056 2767 3113 ad-

544 3131 755 3189 sumtis
779 3131 1135 3204 quicumque
1160 3148 1234 3187 ex
1258 3127 1562 3205 AEgyptiis
1589 3130 1754 3204 sequi
1785 3148 1922 3187 eum
1951 3130 2294 3199 voluissent,
2321 3142 2514 3190 castra
2537 3134 2796 3197 Pelusii.

542 3210 829 3285 posuisse,
851 3208 958 3265 ubi
982 3216 1073 3263 est
1098 3207 1161 3265 in
1190 3205 1520 3283 AEgyptum
1556 3204 1864 3265 introitus:
1909 3226 1982 3265 ex
2009 3208 2362 3267 bellatorum
2385 3229 2526 3269 vero
2549 3209 2770 3275 ordine

543 3288 841 3347 neminem
867 3286 1043 3361 signa
1066 3281 1193 3355 ejus
1228 3303 1353 3343 esse
1382 3292 1696 3343 secutum:
1741 3288 1979 3345 nonnisi
2019 3289 2314 3347 institores
2353 3298 2413 3347 et
2455 3294 2766 3365 operarios
2815 3308 2824 3315 ·

544 3376 607 3425 et
632 3384 705 3423 ex
730 3365 861 3423 foro
888 3364 1161 3423 homines
1186 3381 1389 3421 secum
1417 3364 1710 3422 habuisse.
1775 3366 1868 3425 Eo
1887 3376 2200 3442 postquam
2224 3369 2546 3438 venissent,
2571 3382 2768 3431 noctu

544 3447 671 3503 sola
695 3445 959 3501 hostium
998 3451 1189 3503 castra
1228 3443 1516 3501 invasisse
1557 3442 1804 3503 effusam
1843 3444 2102 3503 murium
2131 3447 2452 3523 agrestium
2479 3450 2766 3509 multitu-

544 3526 765 3593 dinem,
791 3522 893 3597 qui
923 3520 1161 3579 illorum
1185 3523 1488 3597 pharetras
1521 3530 1580 3579 et
1621 3542 1792 3581 arcus
1831 3533 1893 3582 et
1937 3533 2238 3583 scutorum
2277 3544 2448 3585 ansas
2475 3532 2766 3589 corrosis-

546 3610 717 3673 sent3
760 3601 917 3659 unde
960 3600 1209 3668 factum,
1238 3610 1309 3659 ut
1334 3600 1635 3675 postridie,
1663 3620 1852 3678 quum
1894 3605 2075 3661 armis
2119 3606 2325 3662 nudati
2366 3606 2766 3684 profugerent

516 3682 765 3748 hostes,
791 3696 1011 3755 magna
1034 3698 1239 3739 eorum
1282 3680 1602 3738 multitudo
1646 3682 2068 3740 concideretur.
2146 3686 2342 3758 Atque
2373 3686 2556 3743 etiam
2601 3706 2766 3747 nunc

538 3760 793 3817 Vulcani
828 3755 893 3815 in
930 3760 1155 3831 templo
1194 3765 1313 3816 stat
1352 3759 1510 3835 regis
1534 3758 1714 3831 hujus
1753 3769 1948 3819 statua
1992 3754 2244 3835 lapidea,
2279 3782 2514 3823 murem
2565 3784 2762 3826 manu

543 3838 821 3905 tenentis,
848 3854 987 3894 cum
1034 3837 1413 3913 inscriptione
1450 3838 1513 3893 in
1558 3838 1715 3897 hanc
1759 3839 2152 3898 sententiam:
2213 3842 2311 3897 Me
2355 3846 2590 3911 intuens,
2633 3848 2764 3903 deos

545 3918 719 3974 colere
740 3918 921 3975 disce!

624 3998 760 4053 142.
798 3997 1033 4055 Anuuc
1060 4013 1130 4053 ea
1156 3994 1431 4070 exposui,
1450 4012 1584 4069 quoe
1609 3994 1685 4053 ab
1711 3994 2012 4072 AEgyptiis
2049 4004 2112 4055 et
2144 4002 2464 4073 praesertim
2495 4022 2534 4059 a
2559 3994 2762 4064 sacerss

545 4073 782 4133 dotibus
808 4092 1015 4133 eorum
1042 4082 1388 4145 narrantur3
1434 4075 1541 4148 qui
1567 4092 1604 4129 a
1629 4074 1822 4151 primo
1849 4092 1990 4151 rege
2029 4094 2218 4151 usque
2263 4080 2338 4137 ad
2386 4082 2546 4139 hunc
2589 4095 2760 4159 post-

544 4170 708 4233 remo
734 4161 1078 4233 regnantem
1118 4152 1366 4213 Vulcani
1387 4154 1754 4227 sacerdotem
1773 4154 2086 4213 adfirmant
2117 4161 2532 4232 generationes
2559 4164 2760 4223 homi·
