2925 4992
538 314 656 375 148
1118 307 1620 373 annonem
1673 305 2038 371 ms‘ron.
2077 307 2192 371 111.

540 471 703 548 quod
726 486 1053 545 numquam
1080 488 1155 531 ex
1178 488 1315 529 arce
1336 469 1734 547 egrederetur,
1761 488 1870 529 nec
1907 469 2102 527 ullum
2129 462 2204 527 ex
2231 464 2534 527 nobilibus
2559 466 2758 529 Persis

540 552 605 609 in
628 559 1005 625 conspectum
1046 568 1221 608 suum
1258 558 1514 607 vocaret.
1593 551 1684 607 Ea
1723 550 2050 627 suspicione
2089 548 2320 617 ductus,
2360 549 2546 605 hocce
2583 550 2760 606 insti·

542 632 663 687 tuit
690 628 895 685 facere.
976 630 1185 687 Filiam
1228 624 1376 700 ejus,
1418 630 1516 685 cui
1557 629 1862 687 Phadima
1903 644 2120 685 nomen
2161 635 2307 692 erat,
2355 629 2416 683 in
2463 628 2758 685 uxoribus

541 709 833 767 habuerat
880 710 1201 784 Cambyses
1222 724 1241 763 ι
1292 708 1678 781 eamdemque
1731 708 1974 781 perinde
2021 714 2164 763 tnnc
2215 707 2437 781 Magus
2475 706 2758 774 habebat,

532 802 681 845 uum
712 804 895 860 eaque
936 790 1151 860 pariter
1184 795 1359 861 atque
1396 802 1534 843 cum
1575 786 1704 843 aliis
1731 785 2042 861 Cambysis
2065 786 2348 841 uxoribus
2373 786 2760 842 consuetudi

542 883 687 925 nem
716 866 987 923 habebut.
1067 867 1155 923 Ad
1182 866 1333 921 hanc
1366 862 1552 940 igitur
1589 864 1772 921 filium
1813 878 1984 921 suam
2026 864 2188 923 misit
2211 868 2453 929 Otanes,
2483 880 2762 939 quaerens

542 962 621 1003 ex
648 962 737 1011 ea,
768 947 1016 1017 quisnam
1057 944 1209 1000 homo
1236 950 1369 1000 esset
1396 962 1520 999 cum
1545 962 1650 1016 quo
1677 943 2096 999 concumberet?
2131 949 2318 999 utrum
2346 943 2596 999 smerdis
2625 943 2764 1017 Cyri

524 1024 707 1100 filius,
735 1041 809 1079 an
832 1025 979 1079 alius
1004 1026 1273 1097 quispiam
1296 1022 1327 1076 .⁹
1387 1023 1504 1079 Cui
1527 1022 1632 1079 ills
1653 1038 2003 1095 responsum
2029 1022 2275 1088 remisit,
2303 1024 2506 1078 nescire
2527 1040 2588 1077 se
2601 1046 2626 1089 ,-
2661 1038 2764 1080 nec

544 1104 687 1161 enim
718 1101 1044 1177 Cyrifitium
1072 1102 1329 1159 Smerdin
1354 1118 1614 1174 uniquam
1633 1102 1852 1169 vidisse,
1879 1118 1980 1157 nec
2022 1102 2158 1156 scire
2201 1105 2324 1172 quis
2371 1104 2446 1156 sit
2483 1112 2612 1157 cum
2653 1118 2762 1174 quo

546 1181 879 1237 concumbat.
983 1179 1141 1237 Tum
1190 1181 1405 1237 iterum
1446 1181 1520 1237 ad
1569 1178 1839 1237 eamdem
1881 1178 2128 1237 mittens
2165 1180 2408 1246 Otanes,
2455 1179 2574 1235 ait:
2625 1186 2674 1213 “
2703 1178 2768 1239 si

546 1266 593 1293 “
622 1259 891 1316 Smerdin
910 1260 1045 1333 Cyri
1074 1260 1265 1317 filium
1292 1276 1415 1317 non
1447 1260 1625 1326 nosti,
1653 1266 1714 1313 at
1741 1266 1810 1313 tu
1835 1258 1910 1313 ab
1934 1260 2146 1315 Atussa
2169 1268 2580 1330 percunctare,
2601 1276 2760 1332 quo-

546 1342 589 1371 “
617 1355 756 1395 nam
780 1355 919 1395 cum
944 1340 1073 1395 viro
1100 1348 1159 1395 et
1184 1337 1287 1394 illa
1312 1338 1672 1395 concumbat
1697 1346 1758 1393 et
1779 1337 1884 1393 tu!
1951 1338 2109 1393 Nam
2137 1337 2238 1393 ina
2265 1337 2472 1411 utique
2509 1336 2762 1394 fratrem

544 1423 587 1453 ‘⁸
616 1417 787 1473 novit
834 1418 1063 1473 suum.”
1144 1417 1474 1491 Respondit
1521 1415 1594 1471 ad
1641 1416 1766 1471 hoec
1815 1415 1970 1471 filiai
2029 1422 2074 1447 “
2103 1411 2310 1490 Neque
2367 1420 2594 1471 Atossae
2641 1429 2764 1492 ego

546 1501 594 1529 “
620 1511 865 1570 possum
914 1496 975 1550 in
1016 1495 1380 1569 colloquium
1408 1495 1628 1561 venire,
1658 1510 1850 1566 neque
1875 1494 1976 1550 alii
1997 1494 2104 1550 ulli
2140 1494 2375 1550 mulieri
2403 1512 2479 1550 ex
2506 1495 2598 1550 his
2623 1510 2765 1569 quae

546 1579 591 1607 “
619 1591 857 1631 mecum
903 1574 999 1631 hic
1038 1592 1157 1631 uns
1196 1574 1502 1631 habitant:
1545 1590 1680 1630 nam
1717 1572 2070 1647 simulatque
2117 1570 2210 1629 hic
2253 1574 2454 1641 homo,
2487 1574 2765 1648 quisquis

547 1658 593 1686 “
618 1660 739 1719 est,
756 1653 1073 1727 occupavit
1092 1670 1365 1729 regnum,
1390 1652 1794 1709 disseminavit
1824 1668 1954 1718 nos,
1985 1651 2086 1708 alii
2111 1652 2289 1708 aliam
2330 1652 2530 1709 sedem
2557 1652 2764 1730 adsig-

546 1738 593 1783 ἕ(
620 1733 821 1789 nans.”

628 1813 727 1867 69.
766 1810 917 1867 Haec
964 1810 1229 1869 audienti
1276 1810 1456 1868 Otani
1499 1810 1694 1887 mag-is
1739 1810 1920 1867 etiem
1961 1808 2274 1867 manifesta
2317 1810 2476 1865 fucta
2515 1826 2608 1865 res
2649 1815 2768 1867 est.

545 1890 767 2035 fiii:
794 1890 981 2041 ζᾚῖῗ,
1008 1887 2323 2061 {23:352’ziffssfflcffiiffi‘zffifflssff‘
2329 1889 2768 2061 ,32:133ss

546 2042 807 2159 :juben
888 2045 1064 2107 Quod
1088 2047 1320 2103 sienim
1338 2048 1435 2103 hic
1462 2064 1586 2103 non
1611 2054 1702 2103 est
1727 2046 1869 2120 Cyri
1895 2045 2052 2103 filius
2071 2044 2344 2113 smerdis,
2371 2046 2514 2101 sed
2496 2062 2550 2101 is
2577 2062 2767 2119 quem

546 2129 735 2200 “ego
774 2142 901 2181 esse
940 2125 1252 2196 existim03
1302 2144 1425 2181 non
1462 2126 1638 2183 debet
1677 2125 1796 2195 ille,
1841 2124 1999 2197 quod
2037 2130 2238 2182 tecum
2275 2122 2659 2191 concumbat,
2701 2132 2769 2182 et

546 2204 931 2317 :fPersarum
960 2214 1159 2260 teneat
1188 2205 1522 2279 imperium,
1551 2202 1801 2278 impune
1819 2203 1994 2269 ferre,
2023 2202 2122 2259 sed
2151 2204 2420 2261 meritam
2442 2204 2607 2259 luere
2629 2218 2768 2279 poe·

574 2290 781 2341 ‘.nam
832 2283 1013 2339 Nunc
1034 2284 1219 2359 igitur
1244 2283 1341 2340 fac
1366 2285 1583 2354 bocce3
1621 2281 1854 2371 quando
1881 2290 2077 2338 tecum
2101 2283 2390 2346 cubuerit,
2409 2290 2596 2356 tuque
2619 2298 2767 2343 eum

570 2370 835 2419 ‘somno
861 2362 1123 2435 sopitum
1150 2363 1528 2429 intellexeris,
1551 2362 1728 2436 palpa
1753 2355 1882 2431 ejus
1909 2373 2092 2417 aures.
2147 2362 2327 2424 Quod
2349 2362 2396 2417 si
2417 2367 2768 2455 compertus

548 2448 593 2475 “
623 2442 804 2499 fuerit
836 2458 1003 2497 aures
1033 2442 1265 2507 habere,
1295 2449 1439 2515 puta
1479 2449 1538 2497 te
1579 2458 1716 2497 cum
1747 2440 1886 2515 Cyri
1927 2440 2154 2497 Smer-di
2193 2440 2626 2497 concumbere·
2677 2442 2770 2497 sin

548 2526 591 2553 “
622 2538 791 2577 aures
820 2536 957 2576 eum
989 2537 1111 2576 non
1141 2520 1353 2575 habere
1392 2519 1810 2593 deprehendes,
1841 2529 2106 2605 magus
2095 2518 2354 2575 Smerdis
2391 2527 2484 2575 aet
2515 2520 2766 2593 q‘u'icum

550 2606 595 2633 “
628 2598 1030 2655 concumbis?⁹
1072 2598 1159 2653 Ad
1187 2599 1311 2654 haec
1328 2596 1986 2655 renunciaril’haedima
2002 2591 2244 2666 jube-tf
2249 2600 2492 2674 ‘ingens
2513 2616 2577 2654 se
2605 2598 2772 2655 adine

548 2683 592 2711 “
622 2677 973 2753 periculum,
1002 2677 1063 2733 si
1078 2678 1137 2732 id
1168 2676 1361 2733 faciat.
1444 2673 1508 2731 Si
1537 2677 1688 2732 forte
1711 2677 1870 2733 enim
1899 2692 2068 2732 aures
2099 2676 2198 2733 ille
2223 2692 2343 2735 non
2370 2677 2604 2743 habeat,
2637 2677 2768 2750 ipsa

549 2762 593 2803 ‘·‘
620 2764 821 2813 autem
848 2755 1319 2827 deprehendatur
1346 2755 1615 2829 palpans,
1643 2755 1784 2811 satis
1809 2772 1874 2809 se
1901 2756 2071 2821 scire,
2098 2756 2226 2811 fore
2250 2763 2320 2813 ut
2347 2755 2424 2811 nb
2453 2756 2558 2811 illo
2583 2758 2772 2813 truci·

550 2834 826 2891 “zdetur
874 2841 1134 2889 attamen
1166 2836 1451 2908 imperata
1477 2837 1785 2890 facturam
1790 2836 1824 2857 ''
1905 2833 2002 2890 Sic
2021 2834 2143 2899 ina,
2170 2836 2280 2890 hoc
2307 2852 2372 2891 se
2397 2833 2768 2903 effecturam,

546 2914 705 2989 patri
744 2914 983 2985 recepit.
1062 2912 1249 2989 Mago
1288 2930 1508 2986 nempe
1550 2913 1686 2969 huic
1729 2913 1956 2969 &meu-di
1979 2914 2195 2988 Cyrus,
2225 2914 2536 3003 cambysis
2577 2913 2766 2981 filius,

546 3003 679 3051 tum
708 3008 985 3083 regnans,
1013 2993 1341 3067 graviorem
1369 2992 1686 3066 quamdam
1725 2992 1808 3047 ob
1847 2992 2082 3066 culpam
2111 2992 2348 3065 praecidi
2375 2997 2547 3047 aures
2565 2988 2770 3063 jusse-

548 3082 661 3131 rat.
742 3071 893 3127 Haec
942 3071 1126 3145 igitur
1182 3072 1498 3138 Phaedima,
1553 3067 1762 3127 otanis
1807 3068 1949 3136 lilia,
1999 3078 2211 3126 cuncta
2259 3086 2587 3144 exsequens
2631 3086 2770 3145 quae

548 3151 707 3226 patri
748 3158 1059 3221 receperat,
1088 3168 1273 3223 quum
1302 3150 1373 3205 ad
1403 3151 1570 3206 illam
1609 3148 1872 3204 rediisset
1911 3149 2056 3204 ordo
2095 3150 2350 3205 intrandi
2381 3150 2452 3205 ad
2481 3148 2768 3224 Magum,

553 3234 687 3304 (per
711 3228 869 3283 vices
896 3229 1054 3283 enim
1086 3228 1240 3301 apud
1266 3228 1468 3285 Persas
1493 3244 1706 3283 uxores
1729 3226 1806 3281 ad
1829 3229 2108 3283 maritum
2133 3228 2386 3299 intrant)
2411 3228 2768 3285 cubiculum

552 3310 817 3383 ingressa
840 3322 981 3361 cum
1004 3323 1075 3361 eo
1102 3307 1456 3363 concubuit.
1499 3315 1562 3361 et
1591 3313 1900 3379 postquam
1920 3306 2090 3379 gravi
2115 3322 2328 3361 somno
2349 3307 2573 3381 Magus
2599 3306 2766 3381 sopi-

552 3392 653 3442 tus
678 3391 823 3449 erut,
852 3402 1021 3440 aures
1048 3379 1177 3454 ejus
1207 3384 1483 3457 palpavit.
1566 3384 1768 3457 thue
1794 3384 1950 3439 baud
1981 3400 2158 3458 segre,
2185 3385 2287 3440 sed
2313 3385 2508 3449 facile,
2537 3402 2767 3460 cogno-

552 3464 643 3519 vit
692 3462 935 3519 auribus
984 3480 1179 3519 carere
1224 3462 1552 3529 hominem,
1591 3462 1944 3535 simulatque
1991 3463 2116 3519 dies
2155 3462 2370 3531 adfuit,
2411 3464 2488 3519 ad
2529 3472 2767 3537 putrem

551 3542 741 3609 misit,
759 3557 1011 3615 remque
1036 3544 1089 3597 ei
1118 3542 1492 3617 significavit.

634 3625 733 3679 ⁷0.
770 3619 931 3677 Tum
958 3621 1203 3689 Οῑιιιιεε,
1230 3620 1504 3680 adsumto
1531 3620 1850 3695 Aspatliine
1891 3629 1954 3677 et
1997 3621 2239 3686 Gobria,
2277 3620 2568 3693 primariis
2615 3621 2772 3678 inter

551 3700 759 3759 Persas
799 3698 962 3766 viris,
991 3699 1361 3773 maximeque
1400 3701 1624 3757 idoneis
1649 3701 1864 3774 quibus
1899 3700 2078 3756 fidem
2119 3700 2382 3764 haberet,
2407 3707 2598 3755 totam
2637 3718 2767 3757 rem

553 3780 651 3838 his
690 3779 1025 3836 enarravit:
1090 3787 1267 3850 atque
1318 3780 1378 3834 hi
1428 3780 1600 3835 etiam
1650 3777 1762 3852 ipsi
1809 3780 2088 3853 suspicati
2137 3786 2332 3844 erent,
2389 3779 2474 3833 ita
2523 3794 2592 3833 se
2642 3796 2764 3835 rem

555 3859 789 3918 habere.
870 3856 1102 3917 Quibus
1142 3874 1328 3929 quum
1372 3857 1585 3914 deinde
1625 3858 1880 3914 rationes
1909 3874 2044 3912 suas
2077 3856 2462 3931 exposuisset,
2491 3856 2772 3914 adsentiti

559 3945 709 3995 sunt
756 3935 970 3993 ambo:
1026 3936 1570 4010 constitueruntque
1607 3937 1670 3992 hi
1709 3944 1845 4001 tres,
1873 3945 1945 3992 ut
1985 3937 2242 4009 ipsorum
2285 3936 2536 4010 quisque
2575 3952 2771 3993 unum

555 4017 749 4073 virum
811 4014 1067 4079 Persam,
1120 4014 1215 4069 cui
1262 4016 1518 4071 maxime
1557 4016 1734 4071 fidem
1779 4015 2036 4083 haberet,
2095 4014 2228 4070 sibi·
2253 4014 2476 4089 legeret
2517 4015 2768 4071 socium.

558 4093 847 4168 Proponit
886 4093 1069 4169 igitur
1120 4092 1345 4149 Otnnes
1396 4110 1504 4166 pro
1547 4110 1660 4150 suu
1721 4101 1886 4167 perte
1935 4092 2394 4167 lntuphernem3
2461 4092 2765 4167 Gobryas,

553 4169 997 4251 Megabyzum3
1078 4169 1463 4246 Aspathines‚
1527 4172 1588 4231 H
1591 4171 1864 4247 ydor-nen.
1969 4172 2064 4231 Ita
2121 4188 2304 4246 quum
2375 4186 2476 4229 sex
2548 4182 2772 4239 essent,
