2925 4992
561 329 644 385 28
1161 317 1661 384 HERODOTI
1716 319 2079 382 HISTOR.
2119 320 2168 381 1.

565 482 862 544 silentium
889 480 1076 538 fertur
1101 500 1173 538 ex
1211 484 1335 540 imo
1380 489 1617 557 pectore
1641 497 1847 537 vocem
1874 482 2147 548 edidisse,
2174 487 2235 537 et
2261 479 2654 569 ingemiscens
2680 485 2779 537 ter

565 563 895 619 nominasse
939 559 1227 618 Solonem.
1306 563 1462 618 Tum
1482 563 1733 652 Cyrum,
1778 561 1965 627 aiunt,
1994 561 2105 616 hoc
2152 559 2375 627 audito,
2396 555 2639 630 jussisse
2680 559 2777 614 in-

564 645 846 714 terpretes
873 657 944 694 ex
970 656 1040 695 eo
1077 655 1355 711 quaerere,
1399 641 1520 710 quis
1560 639 1653 694 ille
1692 641 1827 693 esset
1852 657 2007 712 quem
2046 641 2356 694 invocaret!
2395 639 2645 711 illosque
2670 655 2775 694 ac·

546 717 836 776 'cedentes
862 715 1216 794 quaesivisse,
1245 719 1343 775 sed
1374 718 1642 772 Croesum
1672 717 1837 772 initio
1860 717 2007 772 nihil
2034 717 2427 790 respondisse·
2412 759 2429 787 ,
2478 716 2550 772 1d
2575 723 2776 772 extre-

565 813 732 853 mum
783 813 942 859 v,ero
997 812 1181 868 quum
1226 806 1553 872 urgeretur,
1597 795 1847 850 dixisse:
1916 795 2046 851 “ls
2093 804 2201 860 est,
2248 796 2347 868 qui
2394 805 2461 850 ut
2502 791 2783 850 omnibus

566 881 609 907 “
567 873 872 986 “regibus
911 873 976 928 in
1021 874 1392 975 colloquium
1429 873 1673 939 veniret,
1724 890 1836 948 ego
1884 873 2117 948 ingenti
2158 873 2542 946 pecuniarum
2588 873 2783 945 copiae

567 953 1061 1027 “praetulissemf
1070 955 1082 974 ⁹
1165 949 1351 1023 Cuius
1372 953 1635 1024 responsi
1656 951 1777 1007 vim
1804 966 1988 1024 quum
2018 967 2222 1025 parum
2248 948 2337 1007 illi
2356 952 2781 1026 intelligerent,

565 1031 760 1088 denuo
790 1030 1133 1104 quoerebant
1171 1031 1312 1104 quid
1353 1039 1503 1086 esset
1543 1029 1699 1104 quod
1742 1028 1973 1085 diceret.
2054 1029 2413 1086 Instantibus
2442 1038 2501 1085 et
2526 1045 2778 1102 operose

564 1109 908 1187 urgentibus
933 1108 1079 1164 dixit
1105 1110 1344 1165 demum
1386 1108 1543 1182 quod
1588 1125 1677 1163 res
1724 1116 1873 1173 erat,
1918 1125 2022 1178 quo
2063 1115 2226 1180 pacto
2268 1109 2393 1163 olim
2422 1109 2588 1162 Solon
2616 1108 2691 1161 ad
2718 1124 2781 1162 se

563 1193 792 1245 venisset
820 1187 1183 1253 Atheniensis,
1215 1191 1307 1260 qui
1335 1193 1620 1260 postquam
1662 1203 1841 1240 omnes
1866 1204 1993 1240 suas
2034 1205 2155 1259 opes
2195 1195 2329 1241 esset
2358 1185 2776 1258 contemplatus,

559 1284 666 1340 pro
691 1267 865 1322 nihilo
893 1283 984 1320 eas
1023 1267 1279 1331 duxisset,
1309 1267 1450 1320 talia
1490 1265 1695 1320 scilicet
1738 1265 2013 1336 loquutus,
2044 1272 2107 1318 ut
2144 1265 2243 1319 sibi
2282 1268 2462 1320 omnia
2502 1266 2782 1319 evenerint

557 1352 731 1419 prout
757 1345 852 1400 ille
875 1344 1118 1410 (lavisset,-
1162 1363 1258 1400 nec
1284 1361 1409 1399 vero
1438 1362 1502 1398 ea
1530 1343 1685 1397 illum
1714 1345 1767 1396 in
1796 1361 1853 1398 se
1880 1345 2053 1414 magis
2091 1344 2308 1409 dixisse,
2338 1361 2502 1416 quam
2546 1345 2601 1398 in
2642 1343 2779 1396 uni-

564 1441 777 1480 versum
802 1440 970 1494 genus
999 1421 1289 1487 hominum,
1319 1427 1373 1476 et
1400 1425 1454 1476 in
1482 1439 1569 1475 eos
1595 1423 1826 1475 maxime
1868 1424 1961 1492 qui
2002 1422 2107 1476 sibi
2151 1423 2281 1493 ipsis
2306 1423 2621 1476 viderentur
2662 1437 2781 1474 esse

565 1502 724 1558 beati.
810 1501 951 1557 Haec
976 1499 1116 1555 dum
1148 1503 1380 1556 Crtmus
1408 1497 1717 1564 referebat,
1739 1494 1870 1569 jam
1910 1495 2149 1554 incenso
2192 1516 2338 1574 rogo
2366 1499 2573 1555 arsisse
2598 1498 2781 1553 aiunt

563 1588 826 1636 extrema
871 1579 1277 1634 circumcirca.
1324 1580 1543 1650 Cyrum
1592 1593 1752 1643 ver0,
1784 1576 1889 1631 ubi
1933 1593 2002 1631 ex
2047 1575 2458 1650 interpretibus
2482 1575 2777 1651 cognovit

565 1675 698 1731 quae
723 1649 957 1714 Croesus
986 1657 1248 1723 dixisset,
1277 1655 1623 1731 poenitentia
1662 1656 1925 1719 ductum,
1955 1655 2431 1729 cogitantemque
2459 1656 2595 1728 quid
2622 1662 2785 1708 esset

565 1737 745 1810 quod,
776 1753 960 1807 quum
994 1737 1114 1808 ipse
1141 1737 1318 1791 homo
1342 1743 1514 1800 esset,
1544 1735 1723 1789 alium
1752 1734 2082 1797 hominem,
2113 1735 2212 1806 qui
2238 1751 2363 1790 sese
2386 1749 2507 1788 non
2529 1731 2785 1788 inferior

565 1815 774 1870 fuisset
801 1814 1099 1880 felicitate,
1130 1814 1225 1867 viv
1229 1831 1331 1868 um
1359 1813 1488 1886 igni
1512 1813 1785 1876 traderet,
1810 1812 2007 1866 adhaec
2034 1813 2287 1868 veritum
2315 1813 2557 1867 deorum
2586 1809 2783 1864 vindi-

568 1903 748 1957 ctam,
778 1899 1259 1979 reputantemque
1307 1907 1485 1964 quam
1533 1891 1673 1946 nihil
1719 1899 1867 1944 esset
1915 1890 1973 1943 in
2024 1888 2200 1945 rebus
2246 1890 2516 1946 humanis
2544 1887 2784 1954 stabile,

568 1988 750 2045 ocyus
777 1970 1060 2042 restingui
1082 1965 1325 2051 jussisse
1352 1985 1658 2024 accensum
1703 1969 1921 2041 ignem,
1953 1965 2341 2042 Croesumque
2386 1975 2444 2023 et
2490 1967 2593 2040 qui
2634 1983 2784 2022 cum

570 2067 642 2104 eo
670 2054 833 2104 erant
860 2047 1102 2103 deduci·
1087 2072 1103 2116 3
1148 2065 1353 2103 verum
1384 2064 1504 2113 eos,
1534 2045 1747 2119 quibus
1776 2043 1834 2100 id
1864 2045 2209 2101 mandatum
2233 2054 2345 2112 est,
2372 2046 2493 2101 vim
2521 2046 2785 2100 flammae

567 2144 690 2182 non
717 2126 971 2200 amplius
1001 2125 1256 2197 potuisse
1281 2141 1571 2199 superare.

645 2208 740 2262 87.
785 2205 877 2259 lbi
926 2211 1054 2259 tum
1083 2205 1374 2265 Croesum,
1403 2204 1566 2259 aiunt
1606 2200 1781 2277 Lydi,
1810 2202 2051 2278 cognita
2095 2203 2231 2280 Cyri
2272 2203 2599 2260 mutatione
2632 2219 2783 2260 sen-

562 2284 779 2348 tentiae,
809 2299 991 2356 quum
1018 2292 1275 2338 cerneret
1313 2299 1519 2337 omnes
1560 2281 1827 2336 homines
1862 2279 2333 2357 restinguendo
2317 2283 2440 2357 igni
2466 2282 2603 2337 dare
2630 2299 2783 2355 ope-

563 2379 714 2426 ram,
745 2379 854 2416 nec
895 2377 1158 2416 coercere
1186 2361 1352 2416 illum
1399 2377 1591 2433 posse,
1621 2360 2046 2416 exclamantem
2085 2361 2382 2416 invocasse
2412 2359 2781 2434 Apollinem,

564 2444 612 2495 si
640 2441 782 2512 qnod
807 2459 841 2493 a
868 2456 923 2494 se
948 2441 1144 2495 donum
1183 2441 1234 2494 ei
1270 2437 1713 2512 gratnmsuisset
1754 2439 2016 2504 oblatum,
2046 2449 2188 2493 nanc
2226 2439 2329 2494 sibi
2367 2441 2594 2505 adesset,
2624 2445 2679 2495 et
2706 2461 2779 2498 ex

560 2520 817 2591 praesenti
866 2519 1012 2572 malo
1055 2535 1111 2572 se
1163 2518 1432 2572 liberaret.
1538 2517 1633 2572 Ita
1684 2516 1839 2572 inter
1887 2516 2173 2590 lacrymas
2223 2518 2399 2573 deum
2454 2518 2782 2578 invocante

568 2597 792 2661 CroeSO,
826 2603 1063 2668 repente
1093 2596 1304 2661 nubes,
1334 2612 1521 2668 quum
1547 2611 1823 2649 serenum
1848 2601 1907 2649 et
1936 2595 2314 2668 tranquillum
2344 2595 2535 2651 adhuc
2560 2595 2781 2657 fuisset

565 2675 803 2738 coelum,
833 2691 960 2729 esse
994 2681 1365 2743 contractas3
1412 2681 1727 2744 coortaque
1771 2680 2139 2746 tempestate,
2167 2681 2227 2729 et
2250 2673 2779 2735 vehementissimo

566 2752 750 2810 effuso
778 2751 986 2817 imbre,
1018 2751 1218 2826 ignem
1247 2769 1372 2807 esse
1411 2751 1784 2806 exstinctum.
1862 2751 2016 2806 'lum
2049 2754 2291 2825 Cyrum,
2318 2752 2420 2824 qui
2463 2752 2547 2807 ita
2591 2752 2781 2812 intel·

564 2831 802 2886 lexisset
827 2837 885 2884 et
913 2830 1023 2885 deo
1063 2837 1366 2902 acceptum
1407 2838 1469 2885 et
1506 2829 1727 2884 bonum
1764 2829 1957 2884 virum
1996 2845 2122 2885 esse
2148 2829 2436 2895 Croesum,
2467 2849 2502 2885 a
2526 2847 2678 2906 rogo
2704 2835 2781 2890 ad

565 2927 630 2964 se
665 2907 909 2978 jussisse
945 2926 1083 2964 eum
1120 2909 1353 2973 deduci,
1383 2915 1560 2982 atque
1587 2907 1645 2962 in
1671 2905 1827 2962 hunc
1854 2907 2033 2964 modo
2059 2908 2469 2983 interrogasse.
2578 2911 2785 2971 ‘Quis

571 2988 751 3042 “tibi
780 2987 1118 3052 hominum,
1149 2989 1363 3051 Croese‚
1396 2985 1704 3059 persuasit,
1728 2993 1800 3040 ut
1824 2985 2147 3059 irruptione
2168 3003 2364 3041 meam
2392 2986 2452 3041 in
2484 2986 2779 3048 ditionem

568 3070 611 3097 “
639 3066 795 3121 facta
825 3066 1006 3122 hostis
1049 3067 1194 3122 mihi
1221 3083 1398 3140 quam
1429 3066 1654 3120 amicus
1693 3079 1818 3117 esse
1858 3065 2217 3119 malueris?u
2254 3065 2368 3120 Cui
2396 3065 2495 3120 ille
2525 3082 2777 3138 respon-

566 3145 690 3200 dit:
759 3144 974 3199 “Haec
1021 3162 1154 3218 eg0,
1197 3163 1234 3198 ο
1287 3145 1438 3206 Rex,
1469 3143 1583 3197 feci
1628 3149 1734 3196 tuo
1783 3159 2083 3214 prosper0,
2134 3159 2267 3197 meo
2319 3143 2580 3198 infausto
2627 3144 2779 3203 fato.

569 3230 613 3255 “
643 3223 867 3278 Caussa
907 3230 1107 3277 autem
1157 3222 1373 3294 incepti
1418 3221 1538 3276 fuit
1580 3220 1922 3274 Gra-corum
1968 3219 2128 3284 deuS,
2156 3221 2256 3293 qui
2292 3239 2391 3276 me
2436 3220 2509 3276 ad
2550 3221 2783 3280 bellum

569 3300 877 3371 “impulit
918 3299 1374 3371 suscipiendum.
1474 3299 1669 3354 Nemo
1707 3297 1863 3352 enim
1908 3297 1992 3352 ita
2036 3315 2241 3354 amens
2285 3307 2394 3360 est,
2433 3307 2505 3355 ut
2549 3299 2783 3358 bellum

568 3385 613 3439 f‘
646 3379 911 3451 praeferat
945 3379 1093 3450 paci,
1125 3395 1310 3451 quum
1333 3378 1394 3430 'in
1424 3378 1536 3432 hac
1579 3375 1685 3430 filii
1726 3374 2013 3448 sepeliant
2038 3384 2250 3448 patres,
2276 3377 2334 3431 in
2364 3376 2469 3433 illo
2506 3387 2715 3436 autem
2747 3399 2785 3437 a

569 3463 612 3489 “
643 3456 907 3530 patribus
957 3455 1063 3511 filii
1115 3455 1488 3528 sepeliantur.
1596 3455 1729 3521 Sed,
1784 3457 1907 3510 haec
1950 3462 2020 3511 ut
2070 3455 2154 3510 ita
2202 3455 2431 3522 fierent,
2472 3455 2584 3512 diis
2622 3466 2779 3530 puto

569 3541 615 3567 “
577 3534 996 3608 placuerat.n

647 3617 744 3670 88
789 3613 932 3668 Haec
971 3619 1286 3686 postquam
1316 3612 1551 3667 Croesus
1589 3610 1823 3667 locutus
1850 3619 1957 3679 est,
1984 3610 2171 3684 Cyrus
2211 3612 2465 3669 vinculis
2504 3614 2779 3672 solutum

567 3710 750 3768 prope
795 3708 856 3746 se
887 3685 1068 3760 jussit
1117 3689 1400 3756 adsidere,
1430 3699 1491 3746 et
1533 3690 1787 3762 plurima
1833 3707 1970 3752 eum
2019 3688 2392 3746 observantia
2428 3702 2783 3766 prosecutus

566 3777 676 3836 est,
715 3769 1063 3841 intuensque
1102 3769 1429 3824 mirabatur
1455 3787 1614 3835 eum,
1641 3786 1778 3823 cum
1808 3769 1949 3840 ipse,
1983 3778 2104 3822 tam
2134 3785 2339 3825 omnes
2387 3771 2488 3843 qui
2532 3787 2673 3828 cum
2704 3791 2779 3828 eo

568 3867 631 3905 er
635 3856 757 3904 int
837 3847 913 3902 At
941 3847 1058 3911 ille,
1087 3847 1541 3924 cogitabunduS,
1569 3844 1873 3902 silentium
1910 3845 2116 3901 tenuit
2198 3845 2429 3903 Deinde
2454 3865 2597 3904 vero
2624 3867 2779 3906 con-

567 3944 770 3982 versus
805 3925 909 3980 ubi
943 3923 1142 3980 Persas
1189 3925 1333 3980 vidit
1360 3924 1664 3999 Lydorum
1712 3923 1920 3979 urbem
1961 3932 2279 3990 vastantes,
2324 3925 2616 3984 “Utrum
2644 3928 2776 3984 elo-

570 4011 614 4037 “
647 4005 749 4078 qui
774 4003 939 4068 tibi,”
980 4002 1250 4077 inquitff
1258 4011 1340 4060 ‘o
1367 4003 1519 4069 Rex,
1549 4002 1701 4076 quod
1728 4001 1941 4065 senti0,
1972 4019 2045 4057 an
2073 4010 2261 4058 tacere
2286 4004 2438 4059 hoc
2424 4023 2482 4059 m
2508 4013 2783 4079 tempore

566 4087 612 4116 “
641 4081 864 4138 debeo.
849 4085 905 4124 ”⁹
949 4083 1144 4143 Quem
1189 4081 1294 4137 ubi
1331 4083 1519 4156 Cyrus
1544 4081 1811 4146 fidenter,
1838 4097 1968 4152 quae
1995 4080 2193 4148 vellet,
2222 4078 2412 4137 dicere
2444 4078 2647 4152 jussit,
2676 4085 2777 4140 in-

568 4167 876 4238 terrogans
903 4160 1004 4217 ille
1030 4177 1189 4228 eum,
1217 4160 1338 4217 ait:
1405 4165 1446 4192 “
1476 4157 1695 4235 Ingens
1722 4160 1845 4215 haec
1872 4159 2187 4216 hominum
2234 4161 2412 4217 turba
2452 4161 2595 4237 quid
2638 4170 2777 4221 tan-
