2925 4992
1124 326 1492 387 URANIA.
2285 326 2403 381 379

180 491 245 531 -“
271 486 599 543 exercitus:
645 494 707 543 et
732 502 835 560 per
860 484 1077 541 ducum
1102 484 1562 559 imprudentiam
1602 483 1860 557 peritura
1885 490 1974 541 est
1999 482 2240 541 Graecia.
2321 486 2400 541 At

184 570 245 633 ‚¹¹
272 578 369 632 ut,
398 565 451 621 si
492 582 613 639 qua
656 562 750 621 via
789 570 894 621 aut
936 564 1085 621 ratio
1120 573 1405 637 superest,
1450 579 1652 639 perge,
1681 570 1760 629 et,
1789 580 1924 636 quse
1963 562 2192 619 decreta
2233 572 2396 630 sunt,

198 650 242 675 ‘¹
276 660 523 717 operam
568 644 645 699 da
670 650 742 701 ut
770 642 1102 709 rescindam
1146 643 1197 699 si
1252 642 1599 716 persuadere
1637 641 1886 699 fortasse
1929 640 2250 715 Eurybiadi
2293 658 2397 715 po-

198 728 246 753 “
273 723 481 786 tueris,
508 731 577 777 ut
604 730 835 779 mutato
862 721 1107 777 consilio
1130 720 1229 778 hic
1254 723 1541 777 maneat.”

278 804 383 857 58.
426 798 814 857 Themistocli
838 798 1157 858 admodum
1182 798 1409 873 placuit
1440 795 1770 857 monitum:
1813 796 1938 873 qui,
1960 798 2127 856 nullo
2165 799 2240 855 ad
2277 799 2403 857 haec

192 896 488 953 responso
514 879 673 943 dato,
702 879 777 935 ad
802 877 1151 952 Eurybiadis
1197 894 1409 935 navem
1449 878 1719 951 perrexit.
1800 880 1938 940 Quo
1979 878 2085 935 ubi
2123 878 2306 946 venit,
2335 880 2403 933 de

193 959 568 1015 communibus
610 958 789 1023 rebus,
816 957 920 1023 ait,
944 972 1001 1013 se
1048 956 1263 1029 aliquid
1304 974 1423 1013 cum
1466 958 1564 1013 illo
1603 960 2116 1013 communicaturum
2135 978 2156 1011 .·
2193 964 2254 1013 et
2279 957 2400 1024 ille,

192 1040 246 1093 si
296 1037 439 1111 quid
484 1054 684 1093 secum
730 1036 929 1102 vellet,
958 1052 1169 1092 navem
1216 1052 1383 1093 suam
1410 1034 1818 1091 conscendere
1861 1054 1994 1091 eum
2033 1031 2228 1105 jussit.
2309 1035 2402 1091 Ibi

192 1126 334 1173 tum
360 1116 683 1189 Eurybiadi
706 1114 973 1171 adsidens
998 1112 1446 1180 Themistocles,
1471 1122 1532 1171 et
1555 1114 1756 1170 omnia
1789 1116 1900 1171 ista
1925 1132 2056 1187 quae
2081 1132 2154 1169 ex
2179 1113 2401 1171 Mnesi-

192 1195 370 1269 philo
417 1194 743 1260 audiverat,
794 1202 1095 1267 tamquam
1141 1210 1269 1261 sua,
1310 1193 1604 1267 exposuit,
1641 1200 1702 1248 et
1747 1192 1936 1249 multa
1985 1193 2102 1249 alia
2148 1192 2396 1264 adiecit3

190 1275 391 1331 donec
418 1273 683 1346 precibus
710 1288 847 1329 eum
874 1272 1259 1347 expugnavit,
1284 1280 1353 1327 ut
1381 1288 1534 1329 nave
1569 1271 1966 1346 egrederetur,
1995 1278 2057 1327 et
2098 1272 2158 1327 in
2199 1272 2402 1329 conci-

190 1355 353 1409 lium
380 1353 599 1409 iterum
623 1358 972 1407 convocaret
998 1352 1194 1406 duces..

282 1432 381 1487 59.
422 1430 543 1492 Qui
582 1430 689 1486 ubi
726 1437 1153 1495 convenerunt,
1181 1429 1524 1502 priusquam
1564 1446 1711 1495 rem,
1739 1424 1830 1499 cuj
1841 1447 1908 1485 us
1947 1446 2149 1487 caussa
2185 1448 2405 1489 convo-

188 1510 319 1568 cati
346 1509 523 1566 duces
552 1515 739 1573 erant,
767 1506 1131 1582 Eurybiades
1158 1516 1536 1580 proponeret,
1567 1509 1788 1564 multos
1815 1508 2238 1566 Themistocles
2268 1510 2408 1568 fecit

190 1604 524 1655 sermones,
548 1586 719 1645 enixe
757 1586 1053 1661 flagitans.
1130 1586 1325 1647 Quem
1368 1586 1680 1642 interfatus
1719 1588 2062 1643 Corinthius
2108 1588 2226 1645 dux
2264 1589 2404 1645 Adi-

190 1676 465 1734 mantus,
508 1664 683 1740 Ocyti
728 1665 920 1722 filius:
969 1671 1011 1697 ‘¹
1040 1664 1541 1721 Themistocles?
1585 1662 1798 1738 inquit,
1842 1672 1885 1697 ‘¹
1913 1666 1973 1723 in
2015 1666 2407 1724 certaminum

192 1753 245 1779 ‘¹
270 1746 663 1812 solemnibus,
710 1745 813 1819 qui
862 1750 999 1799 ante
1040 1751 1273 1818 tempus
1320 1750 1598 1818 surgunt,
1645 1740 1842 1819 flagris
1893 1744 2246 1801 caeduntur.”
2327 1746 2407 1804 Et

194 1826 332 1893 ille,
356 1825 450 1881 sui
489 1824 783 1899 purgandi
826 1839 1056 1890 caussa,
1084 1824 1201 1878 ait:
1248 1828 1292 1853 ‘¹
1316 1820 1413 1889 At,
1442 1823 1546 1895 qui
1590 1839 1740 1895 pone
1785 1830 2052 1890 manent,
2081 1841 2198 1879 non
2237 1840 2406 1881 coro-

200 1911 250 1937 ¹¹
280 1906 559 1961 nantur.”

286 1988 387 2040 60.
427 1982 523 2039 lta
546 1990 689 2039 tunc
728 1982 967 2057 quidem
1008 1980 1233 2055 placide
1272 1979 1569 2055 respondit
1595 1981 1924 2041 Corinthia
2002 1981 2094 2039 Ad
2117 1980 2407 2055 Eurybia-

204 2064 348 2120 dem
376 2072 515 2119 vero
540 2078 880 2129 conversus,
906 2060 1054 2117 nihil
1088 2057 1215 2132 jam
1242 2078 1445 2117 eorum
1491 2060 1648 2117 dixit
1689 2078 1822 2134 quae
1863 2068 2003 2117 ante
2045 2071 2408 2134 exposuerat,

198 2145 507 2216 dispersum
546 2142 621 2197 iri
664 2131 855 2207 socier,
876 2143 925 2197 si
952 2140 1233 2197 Salamine
1268 2141 1573 2197 solvissent.
1568 2162 1580 2175 ·
1621 2141 1860 2207 etenim,
1885 2142 2268 2213 praesentibus
2312 2158 2408 2197 so·-

202 2222 336 2287 ciis,
365 2219 535 2277 nullo
560 2219 739 2277 modo
764 2219 803 2275 d
910 2236 1045 2276 rum
1070 2233 1195 2277 erat
1218 2227 1286 2275 ut
1312 2236 1415 2276 eos
1450 2228 1763 2275 accusaret.
1843 2220 1954 2274 Sed
1980 2218 2157 2275 aliam
2183 2220 2412 2276 dicendi

204 2300 495 2357 rationem
519 2306 743 2364 tenens,
772 2236 1121 2373 igncutus
1160 2306 1283 2355 est:
1334 2296 1506 2372 (1.‘)
1516 2295 1742 2352 ‘Penes
1783 2304 1842 2351 te
1881 2313 2040 2351 nunc
2065 2304 2154 2354 est
2181 2314 2412 2353 servare

174 2420 182 2424 -
205 2378 595 2443 ‘G‘roeciam,
626 2377 674 2433 si
702 2370 903 2433 medin
950 2374 1261 2433 consilium
1302 2383 1560 2440 secutus,
1587 2372 1678 2431 bic
1707 2392 1956 2431 manens
1997 2392 2258 2449 pugnam
2307 2394 2411 2433 na-

207 2456 473 2513 “valem
500 2456 888 2522 commiseris,
918 2471 1106 2528 neque
1146 2453 1239 2510 his
1276 2472 1506 2511 morem
1531 2454 1782 2529 gesseris
1813 2470 1952 2527 qu,
2033 2472 2132 2510 ves
2155 2455 2228 2510 ad
2257 2455 2412 2511 Isth-

208 2542 254 2571 “
282 2553 453 2591 mum
498 2534 921 2608 promovendas
969 2550 1095 2589 esse
1136 2534 1524 2589 contendunt.
1601 2532 1816 2606 Accipe
1857 2453 2042 2667 ειιᾷ
2067 2541 2126 2589 et
2169 2534 2412 2591 alteram
2599 2586 2606 2598 ,

210 2623 255 2648 “
284 2614 457 2670 alteri
500 2614 715 2669 rationi
765 2628 1020 2687 oppone.
1102 2611 1195 2667 Ad
1244 2612 1538 2669 Isthmum
1586 2628 1850 2687 pugnam
1899 2628 1968 2667 co
2036 2612 2300 2678 mittens,
2353 2614 2412 2667 in
2493 2594 2652 2739 εἴ

209 2700 253 2728 “
282 2700 487 2767 aperto
539 2692 688 2747 mari
730 2692 1049 2766 pugnabis,
1094 2706 1213 2763 quo
1254 2692 1500 2748 minime
1552 2690 1724 2747 nobis
1773 2689 2070 2756 conducit,
2114 2691 2421 2766 graviores

211 2781 255 2806 ‘¹
288 2786 469 2829 naves
499 2770 867 2837 habentibus,
896 2778 957 2828 et
998 2785 1248 2825 numero
1288 2770 1611 2844 pauciores.
1692 2768 1874 2825 Porro
1901 2770 2262 2827 Salaminem
2283 2786 2415 2845 per-

210 2858 254 2885 “
282 2850 413 2917 des,
460 2856 520 2905 et
558 2849 822 2923 Megara,
866 2856 925 2905 et
962 2848 1269 2923 AEginam,
1298 2848 1528 2904 etiamsi
1569 2849 1926 2920 caeteroquin-
1961 2847 2212 2904 feliciter
2245 2848 2414 2907 nobis

234 2938 377 2985 ‘res
404 2936 556 2985 esset
590 2944 841 2983 cessura.
922 2926 1083 2982 Nam
1126 2925 1373 2983 classem
1410 2933 1722 2983 secuturus
1759 2935 1850 2981 est
1889 2925 2166 2999 pedestris
2195 2930 2418 2985 exerci-

285 2999 693 3140 t11s3²deoque
718 3014 788 3063 tu
816 3007 939 3079 ipse
962 3005 1095 3061 illos
1118 3004 1179 3060 in
1211 3005 1676 3078 Peloponnesum
1697 3004 1952 3069 duxeris,
1975 3004 2423 3081 periculumque

210 3016 437 3199 Ξῑέιιειι
506 3092 575 3141 ut
612 3085 945 3141 universam
985 3082 1191 3158 perdas
1220 3083 1528 3140 Graeciam.
1611 3086 1790 3139 60..2.
1833 3081 1936 3138 Sin
1963 3100 2092 3156 quae
2131 3102 2244 3159 ego
2285 3087 2420 3143 dico

241 3164 522 3229 ‘feceris,
568 3165 695 3221 haec
738 3164 799 3219 in
849 3163 966 3219 illis
1013 3161 1325 3219 commoda
1364 3162 1636 3235 reperies
1715 3161 1982 3217 Primum
2031 3162 2267 3235 quidem
2291 3188 2310 3221 ε
2353 3165 2418 3221 in

213 3251 257 3277 ‘¹
288 3249 547 3317 angusto
588 3240 739 3297 mari
783 3238 1168 3317 confligentes
1214 3242 1413 3313 paucis
1454 3241 1710 3297 navibus
1755 3240 2028 3296 adversus
2077 3242 2316 3309 multas,
2367 3245 2418 3299 si

214 3331 257 3357 ‘¹
296 3321 517 3379 rationi
540 3328 963 3377 consentaneus
990 3321 1187 3375 exitus
1211 3318 1390 3377 fuerit
1416 3336 1657 3393 pugnae,
1687 3321 1874 3375 multo
1909 3320 2126 3375 erimus
2155 3323 2418 3394 superio-

215 3408 260 3435 “
292 3418 403 3457 res.
483 3396 681 3457 Nam
666 3416 727 3455 in
752 3405 1009 3473 angusto
1046 3398 1310 3471 praelium
1355 3416 1468 3455 nav
1473 3398 1566 3455 ale
1599 3400 1808 3464 facere,
1839 3416 1946 3470 pro
1985 3400 2156 3455 nohis
2183 3409 2310 3471 est3
2357 3402 2421 3457 in

214 3485 258 3514 ¹¹
291 3485 497 3555 aperto
519 3495 681 3543 vero,
712 3494 817 3551 pro
841 3478 975 3534 illis.
1054 3476 1285 3533 Deinde
1312 3476 1564 3535 Salamis
1587 3484 1870 3546 servatur,
1903 3478 1964 3531 in
1997 3494 2114 3549 qua
2139 3494 2246 3535 nos
2273 3444 2421 3536 libe-

239 3566 382 3615 ¹ros
412 3565 643 3613 nostros
671 3565 729 3611 et
758 3572 967 3613 uxores
1006 3555 1402 3627 deposuimus.
1483 3554 1640 3611 Tum
1680 3572 1822 3609 vero
1847 3556 2024 3612 etiam
2053 3556 2194 3614 illud
2225 3560 2286 3615 in
2313 3558 2422 3613 hac

244 3636 523 3693 ‘ratione
550 3635 907 3698 continetur,
938 3634 1139 3708 quod
1122 3635 1384 3707 inprimis
1426 3634 1595 3690 vobis
1634 3634 1796 3689 cordi
1821 3643 1946 3689 est:
1989 3653 2148 3702 nam,
2178 3634 2270 3692 hic
2295 3654 2421 3692 ma-

292 3735 331 3773 n
412 3732 437 3759 e
488 3714 708 3786 pariter
732 3732 837 3787 pro
862 3713 1275 3786 Peloponneso
1298 3714 1610 3787 pugnabiS,
1638 3720 1814 3785 atque
1835 3714 1910 3769 ad
1934 3713 2266 3785 Isthmum,
2314 3731 2430 3773 nee

215 3802 259 3828 ‘¹
288 3813 327 3848 v
526 3810 591 3847 os
642 3792 993 3884 sisapuerois,
1022 3793 1083 3845 in
1125 3791 1604 3865 Peloponnesum
1643 3791 1841 3848 duces.
1921 3796 2015 3849 60.
2040 3798 2096 3847 3.
2137 3793 2246 3849 Sin.
2267 3795 2426 3866 quod

216 3880 263 3906 “
216 3645 648 3955 :tenero
700 3871 983 3935 evenerit,
1038 3886 1353 3944 pugnaque
1396 3870 1587 3925 navali
1628 3870 1960 3938 vicerimus,
2001 3879 2149 3927 tunc
2191 3888 2298 3927 nec
2351 3873 2428 3929 ad

214 3958 259 3984 ‘¹
287 3950 584 4007 Isthmum
613 3944 783 4006 v'obis
810 3950 1063 4005 aderunt
1090 3948 1355 4015 Barbari,
1376 3967 1486 4005 nec
1510 3949 1662 4004 ultra
1681 3952 1936 4007 Atticam
1961 3948 2425 4023 progredientur,

215 4038 258 4065 ‘¹
288 4030 391 4087 sed
417 4026 726 4086 incondita
746 4028 895 4103 fuga
916 4046 977 4084 se
1007 4026 1323 4101 recipient3
1369 4027 1852 4102 lucrabimur-que
1885 4036 2114 4083 servata
2152 4028 2423 4105 Megara,

214 4114 265 4143 ‘¹
292 4116 357 4165 et
380 4108 698 4185 AEginam,
727 4114 787 4163 et
829 4105 1209 4173 Salaminem,
1257 4105 1331 4161 ad
1380 4123 1562 4179 quam
1614 4122 1728 4163 nos
1777 4105 2043 4161 hostibus
2097 4110 2426 4181 superiores

213 4194 257 4221 ‘¹
284 4204 413 4246 esse
438 4187 670 4245 futuros
698 4186 937 4244 oraculo
976 4185 1153 4243 etiam
1194 4183 1542 4261 praedictum
1569 4194 1675 4240 est.
1762 4184 1894 4243 Jam
1927 4184 2168 4243 consilia
2209 4188 2429 4249 rationi

1251 4265 1417 4321 302
