2925 4992
540 301 668 359 ΝΘ
1104 291 1606 357 ΗΕΒΟΒΟἸῚ
1631 352 1639 359 .
1663 293 2030 358 111sz.
2081 296 2189 355 IV.

522 454 793 531 Scythes,
821 453 1377 529 postqusm'equites
1396 452 1658 511 hostium
1686 454 1748 511 in
1764 454 1988 527 pedites
2010 451 2360 527 rejecerunt,
2377 452 2749 525 madebat,

536 534 879 669 3)εῶιέαέ
895 538 1239 593 metuentes.
1321 532 1552 589 Similes
1579 550 1718 589 vero
1755 533 2166 607 impressiones
2191 544 2374 639 noctu
2395 536 2580 593 etiam
2607 532 2744 610 Scy·-

542 614 667 671 thae
752 632 805 669 οι
884 622 1003 669 ant.

626 694 753 749 129.
802 693 895 749 Er
895 701 941 749 it
982 704 1123 749 tunc
1170 692 1355 749 Persis
1397 691 1584 762 utilis,
1613 690 1846 765 Scythis
1884 709 2022 748 vero
2061 693 2318 761 inimica,
2346 693 2520 750 Darii
2560 700 2753 763 castra

536 770 1043 863 adgredientibus,
1072 790 1163 829 res
1188 771 1351 827 dictu
1386 770 1541 827 mira
1575 770 1932 839 admodum·
1977 788 2188 844 nempe
2225 790 2330 829 vox
2367 775 2674 838 asinorum,
2697 778 2754 829 et

536 851 811 905 maloram
850 854 1065 923 species.
1146 850 1384 907 Etenim
1432 866 1544 903 nec
1589 851 1826 907 asinum
1881 867 1988 907 nec
2033 852 2262 908 mulum
2307 852 2424 907 fert
2471 852 2753 925 Scythica

534 936 715 995 terra,
744 928 1243 1002 quemadmodum
1286 945 1461 1001 supra
1483 928 1666 985 etiam
1691 928 2158 985 demonstratum
2187 939 2275 985 est
2303 953 2316 985 z
2363 948 2470 985 nec
2497 938 2594 985 est
2619 948 2752 987 om·-

540 1004 681 1063 uino
709 1008 767 1063 in
818 1007 1089 1063 universa
1126 1004 1395 1080 Scythica
1432 1006 1676 1080 regione
1723 1015 1828 1063 aut
1871 1007 2074 1063 asinus
2116 1015 2218 1064 aut
2255 1008 2478 1074 mulus,
2509 1017 2754 1081 propter

536 1085 779 1160 frigora.
880 1086 1071 1159 igitur
1124 1086 1498 1141 lascivientes
1535 1085 1682 1141 asini
1732 1085 2074 1141 territabant
2124 1089 2452 1160 equitatum
2503 1086 2750 1160 Scytha-

536 1181 707 1221 rum:
752 1181 1045 1237 saepeque,
1092 1164 1233 1221 dum
1275 1164 1337 1219 in
1380 1163 1588 1219 Persas
1635 1164 1921 1238 impetum
1969 1164 2268 1221 faciebant
2289 1224 2294 1229 ,
2315 1166 2574 1239 Scythae,
2611 1166 2754 1239 equi

538 1242 845 1299 audientes
894 1244 1125 1299 interim
1170 1260 1377 1297 vocem
1430 1242 1752 1307 asiam-um,
1793 1244 2154 1299 consternati
2205 1246 2646 1308 avertebantur,
2675 1252 2753 1301 ‘et

536 1321 871 1377 mirabundi
898 1322 1199 1396 erigebant
1218 1338 1406 1385 aureS,
1434 1328 1504 1375 ut
1529 1321 1630 1393 qui
1657 1338 1984 1394 numquam
2003 1330 2180 1377 antea
2207 1324 2302 1379 tel
2327 1340 2536 1379 vocem
2563 1323 2750 1379 talem

534 1400 913 1464 audivissent,
948 1402 1035 1455 vel
1064 1400 1319 1472 speeiem
1358 1398 1657 1455 vidissent.
1739 1399 1816 1455 Et
1859 1400 1984 1455 haec
2025 1401 2262 1472 quidem
2293 1419 2382 1457 res
2407 1401 2748 1474 pauxillum

536 1478 837 1552 quidpiam
868 1479 941 1535 ad
970 1479 1111 1534 belli
1135 1478 1437 1533 fortunam
1464 1478 1816 1535 conferebat.

624 1562 762 1613 130
793 1558 1025 1631 Scythae
1048 1574 1256 1629 quum
1262 1555 1516 1612 subinde
1541 1574 1792 1629 magnos
1833 1564 2026 1613 motus
2055 1556 2222 1614 fieri
2206 1576 2268 1613 m
2297 1559 2506 1615 castris
2537 1557 2746 1615 Persa-

518 1654 671 1693 -rum
724 1638 933 1709 [veluti
977 1637 1227 1693 reditum
1274 1633 1632 1707 parantium]
1667 1635 2076 1705 observarent3
2121 1654 2244 1709 quo
2280 1637 2362 1691 illi
2407 1637 2638 1694 diutius
2679 1638 2748 1695 in

538 1716 778 1789 Scythia
808 1723 1133 1780 manerent,
1160 1714 1357 1785 ibique
1391 1722 1700 1770 manentes
1723 1716 1966 1785 penuria
1989 1732 2186 1771 rerum
2211 1716 2484 1777 omnium
2513 1732 2750 1788 preme-

534 1802 759 1860 rentur,
806 1795 985 1849 hocce
1031 1794 1313 1849 fecerunt.
1392 1791 1488 1847 De
1541 1792 1846 1864 pecoribus
1897 1795 2018 1849 suis
2065 1793 2408 1849 idemtidem
2458 1794 2752 1851 nonnulla

536 1890 674 1928 cum
700 1872 1034 1945 pastoribus
1064 1870 1492 1959 relinquebant,
1515 1880 1573 1925 et
1599 1872 1709 1942 ipsi
1741 1888 1804 1927 se
1831 1880 1984 1927 retro
2025 1871 2088 1927 in
2131 1873 2314 1928 alium
2355 1872 2558 1929 locum
2603 1891 2747 1945 pau-

530 1950 715 2023 lisper
747 1949 1137 2022 recipiebant
1226 1936 1397 2003 '“luin
1428 1950 1638 2015 Persae,
1667 1950 1894 2023 impetu
1939 1950 2122 2019 facte,
2149 1951 2465 2023 capiebant
2508 1968 2750 2024 pecora,

527 2038 599 2086 et
628 2030 821 2100 praeda
846 2028 1003 2083 facta
1030 2026 1423 2083 exsultabant.

516 2140 523 2148 ·
622 2111 751 2163 131.
794 2104 857 2163 Id
888 2124 1073 2180 quum
1124 2108 1335 2178 saepius
1383 2105 1566 2173 fieret,
1597 2107 1672 2162 ad
1715 2113 2044 2163 extremum
2071 2106 2314 2175 Darius,
2343 2106 2754 2183 quid-consilii

530 2195 787 2263 caperet,
818 2190 1073 2249 incertus
1102 2184 1377 2239 haerebat.
1457 2185 1634 2246 Quod
1678 2186 1778 2241 ubi
1821 2186 2364 2243 animaulverterunt
2391 2187 2752 2259 Scytharum

538 2283 730 2341 reg-ee,
762 2280 1085 2337 praeconem
1114 2263 1185 2319 ad
1214 2281 1354 2319 curn
1384 2265 1672 2319 miserunt
1697 2266 1852 2319 dona
1879 2264 2188 2329 fere-utem,
2215 2284 2386 2321 avem
2411 2275 2472 2321 et
2515 2275 2754 2321 murem

536 2354 597 2403 et
624 2362 824 2401 ranam
852 2353 909 2399 et
934 2342 1195 2416 quinque
1220 2344 1486 2417 sagittas,
1569 2342 1714 2399 Haec
1737 2342 2094 2399 adferentem
2119 2344 2276 2401 dona
2301 2344 2754 2418 interrogarunt

514 2423 747 2487 Persae,
798 2440 1067 2495 quaenam
1112 2431 1263 2477 esset
1312 2439 1478 2477 mens
1533 2422 1894 2477 mittentium
1921 2446 1936 2491 3
1985 2429 2044 2477 et
2085 2422 2184 2478 ille
2231 2422 2554 2496 respondit,
2607 2422 2757 2479 aihu

536 2503 690 2557 alind
714 2502 817 2557 sibi
844 2502 1160 2555 mavaedatum
1170 2498 1375 2573 finisse,
1406 2501 1513 2555 nisi
1541 2507 1600 2555 ut
1629 2500 1712 2555 his
1735 2501 1880 2555 datis
1907 2504 2307 2571 quamprimum
2335 2502 2518 2557 abiret
2537 2522 2559 2555 .·
2604 2504 2754 2573 ipsos

518 2590 719 2637 sentem
764 2581 987 2644 Persas,
1016 2582 1065 2633 si
1088 2582 1357 2649 sapientes
1384 2584 1578 2642 essent,
1607 2596 1922 2650 cognoscere
1949 2574 2148 2647 jussit,
2179 2582 2440 2651 quidnam
2463 2582 2578 2634 ista
2598 2582 2750 2635 dona

534 2660 925 2733 ⁴tigmificmv’ent.
1006 2658 1142 2717 Quo
1167 2656 1368 2712 audito
1398 2674 1700 2729 responso,
1729 2655 2144 2717 consultabant
2171 2660 2318 2713 inter
2346 2676 2406 2713 se
2435 2659 2652 2714 Persae.

622 2742 753 2793 182.
798 2736 873 2803 Et
910 2735 1075 2791 Darii
1104 2735 1343 2807 quidem
1372 2732 1668 2791 sententia
1706 2746 1854 2801 erat,
1885 2735 2126 2808 Scythas
2167 2755 2292 2793 sese
2337 2744 2398 2791 et
2438 2744 2668 2795 terram
2693 2746 2754 2795 et

538 2834 751 2908 aquam
800 2813 909 2888 ipsi
936 2813 1213 2877 tradere:
1262 2814 1321 2869 id
1360 2814 1522 2886 quod
1562 2813 1700 2871 inde
1739 2815 2078 2889 colligebat,
2107 2818 2262 2891 quud
2305 2832 2436 2871 mus
2486 2816 2550 2871 in
2594 2824 2755 2873 terra

536 2895 781 2958 viveret,
811 2894 1021 2951 eodem
1045 2892 1245 2949 fructu
1268 2902 1446 2967 atque
1476 2893 1656 2949 homo
1685 2911 1944 2959 vescens,
1975 2912 2120 2951 rana
2143 2912 2282 2949 vero
2309 2896 2374 2949 in
2401 2912 2558 2967 aqua
2585 2896 2752 2952 vive-

538 2983 650 3042 net,
694 2976 819 3029 avis
860 2981 1057 3029 antem
1103 2972 1307 3027 similis
1354 2971 1672 3027 admodum·
1714 2980 1866 3028 esset
1907 2990 2098 3045 equo3
2145 2974 2402 3045 denique
2445 2973 2570 3028 tela
2615 2975 2752 3031 illos

539 3054 785 3119 tradere,
830 3062 1133 3125 tamquam
1180 3068 1347 3107 suam
1384 3049 1814 3107 fortitudinem.
1911 3050 2084 3108 Hanc
2125 3052 2342 3107 Darius
2383 3054 2752 3109 sententiam

538 3134 777 3189 dixerat.
858 3131 969 3187 Cui
998 3130 1269 3203 opposita
1296 3137 1420 3185 erat
1446 3130 1686 3215 Gobriae
1717 3130 2032 3193 sententia,
2061 3131 2237 3187 unius
2277 3149 2312 3187 e
2351 3138 2584 3203 septem
2613 3132 2752 3189 viris

538 3209 1463 3355 ffsfflffffizzg’ttztffegattffitff
1489 3208 2750 3353 53³53322322v‘2‘1'2353l323‘53'³231:¹232}ss

538 3377 579 3401 “
610 3368 873 3423 conversi
903 3366 1159 3421 subeatis
1188 3373 1425 3429 terram,
1456 3373 1560 3420 aut
1587 3373 1654 3421 ut
1681 3382 1837 3421 ranae
1867 3367 1928 3421 in
1955 3365 2197 3436 paludes
2223 3367 2564 3431 insilieritiS,
2594 3364 2750 3425 salvi

520 3456 577 3505 ,“
606 3448 743 3505 hinc
768 3463 891 3501 non
922 3444 1314 3509 revertemini,
1344 3444 1503 3499 hisce
1529 3444 1758 3518 sagittis
1781 3444 2054 3501 confixi.’'
2119 3444 2193 3501 In
2220 3446 2377 3501 hunc
2401 3446 2594 3521 igitur
2621 3464 2750 3505 mo·

540 3528 683 3585 dum
711 3525 861 3581 dona
892 3524 993 3579 illa
1017 3522 1209 3579 Persae
1238 3523 1788 3595 interpretabantur.
2001 3565 2013 3575 .

620 3608 748 3661 133.
790 3600 1033 3657 Interim
1066 3620 1187 3657 una
1214 3602 1315 3657 illa
1342 3602 1688 3677 Scytharum
1717 3618 1872 3673 pam,
1901 3603 1998 3659 cuj
2021 3612 2192 3659 antea
2229 3601 2590 3661 mandatum
2615 3605 2743 3663 fue-

537 3692 649 3751 rat,
674 3691 745 3741 ut
782 3681 853 3737 ad
896 3678 1237 3737 Moeotidem
1280 3681 1554 3753 paludem
1597 3680 1922 3737 custodiam
1957 3690 2220 3756 agerent,
2250 3699 2412 3739 nunc
2457 3700 2630 3751 vero,
2678 3692 2748 3741 ut

540 3764 762 3823 Ionibus
790 3761 862 3815 ad
890 3758 1095 3815 Istrum
1118 3760 1181 3815 in
1202 3760 1562 3833 colloquium
1587 3760 1874 3824 venirent,
1898 3760 2002 3817 ubi
2027 3762 2100 3817 ad
2129 3769 2372 3833 pontem
2399 3778 2742 3832 pervenere,

538 3844 663 3901 haec
688 3840 763 3897 ad
788 3858 889 3895 eos
916 3840 1095 3895 verba
1111 3838 1417 3895 fecerunt:
1460 3845 1502 3869 “
1536 3838 1662 3894 Viri
1689 3838 1890 3905 loneS,
1917 3840 2193 3897 venimus
2211 3838 2548 3895 libertatem
2575 3838 2743 3897 vobis

538 3929 583 3955 “
607 3921 963 3983 adferentes,
989 3915 1039 3972 si
1062 3916 1297 3990 quidem
1328 3917 1530 3973 audire
1571 3935 1680 3973 nos
1719 3918 2038 3975 volueritis.
2123 3919 2534 3993 cognovimus
2561 3920 2740 3985 enim,

539 4006 584 4035 ⁴‘
612 3997 927 4057 mandasse
946 3996 1113 4053 vobis
1136 3996 1407 4063 Darium,
1432 3996 1664 4053 nonnisi
1687 3996 1996 4071 sexaginta
2013 3998 2136 4055 dies
2157 3997 2450 4053 custodire
2476 4006 2744 4071 pontem,

544 4082 586 4113 “
614 4078 823 4151 bisque
866 4076 1099 4149 elapsis,
1126 4075 1179 4131 si
1204 4074 1357 4131 intra
1406 4073 1465 4129 id
1507 4084 1742 4149 tempus
1769 4076 1870 4131 ille
1915 4092 2049 4133 non·
2083 4076 2362 4142 adfuerit,
2391 4076 2458 4131 in
2495 4078 2745 4149 patriam

540 4165 582 4193 “
601 4164 869 4215 vestram
891 4154 1073 4229 abire.
1148 4153 1331 4214 Nunc
1354 4153 1560 4230 igitur,
1581 4156 1634 4211 si
1656 4155 1772 4211 hoc
1790 4154 1950 4229 quod
1971 4155 2136 4213 vobis
2157 4154 2442 4213 edicimus
2467 4154 2742 4222 feceritis,
