2925 4992
492 293 610 349 324
1030 284 1526 349 HERODOTI
1588 284 1953 345 HISTOR.
2006 284 2143 347 vll.

497 448 671 521 myis,
713 446 852 505 filiae
896 446 1174 511 Smer-dis,
1219 446 1354 519 Cyri
1398 445 1625 519 neptis:
1670 445 1989 503 Macrones
2034 462 2175 503 vero
2220 450 2281 503 et
2318 444 2707 521 Mommsen

494 526 817 600 Artaycte3‚
861 526 1018 583 filius
1047 524 1396 591 CherasmiS,
1425 524 1529 599 qui
1572 524 1740 581 Sesto
1776 525 1849 581 ad
1889 524 2346 601 Hellespontum
2388 524 2711 599 praefecms

499 612 642 661 erat.

575 687 676 747 79.
717 684 956 743 Mares
939 700 1002 741 m
1027 683 1315 757 capitibus
1339 683 1541 770 galeas
1567 682 1877 757 gestabant
1904 699 2009 739 suo
2033 700 2198 738 more
2216 682 2445 756 plexas,
2474 668 2712 757 parmas

495 762 700 821 breves
727 761 1014 820 coriaceas
1041 762 1356 827 habebant,
1387 770 1446 817 et
1462 757 1679 831 jacula.
1760 760 1969 817 Colchi
1992 761 2219 835 ligneas
2244 762 2466 837 galeas,
2494 780 2713 836 parvas

493 858 725 917 parmas
753 860 828 897 ex
850 842 1030 899 cruda
1075 840 1238 897 bovis
1281 841 1456 915 pelle,
1488 841 1683 895 hastas
1710 838 1957 907 breves;
2004 840 2207 897 adhaec
2248 840 2430 896 etiam
2458 842 2711 915 gladios.

492 920 734 978 Marum
761 927 819 976 et
849 920 1205 977 Colchorum
1250 919 1372 974 dux
1407 918 1523 975 fuit
1560 918 1977 985 l’harandates,
2004 918 2290 992 Theaspis
2330 918 2509 975 filius,
2570 919 2713 976 Ala-.-

494 998 648 1055 rodii
688 1008 747 1056 et
785 1000 1074 1073 Saspeires
1115 998 1385 1053 similiter
1412 997 1647 1054 Colchis
1688 998 1899 1053 armati
1934 996 2305 1054 militabant:
2349 997 2713 1073 praefuitque

493 1075 585 1135 his
613 1078 938 1144 MasistiuS,
967 1077 1287 1133 Siromitrae
1315 1076 1489 1131 filiuS.

573 1161 668 1213 80.
711 1154 970 1213 Insulani
1001 1156 1224 1229 populi,
1254 1156 1353 1229 qui
1382 1160 1571 1211 castra
1594 1154 2006 1228 sequebantur,
2033 1172 2107 1210 ex
2145 1155 2261 1211 illis
2284 1154 2469 1210 Maris
2510 1154 2711 1213 Rubri

493 1236 719 1301 insuliS,
745 1237 806 1291 in
849 1236 1060 1309 quibus
1091 1253 1190 1289 rex
1217 1233 1379 1289 sedes
1420 1234 1695 1307 adsignat
1724 1234 1812 1291 his
1839 1236 1939 1309 qui
1970 1236 2251 1305 artaspasti
2280 1233 2708 1307 (transportati)

492 1324 800 1380 vocantur,
845 1324 1005 1369 veste
1045 1322 1220 1386 atque
1259 1313 1433 1367 armis
1477 1312 1790 1368 utebantur
1828 1312 2146 1371 simillimis
2184 1310 2451 1367 Medicis.
2534 1313 2713 1371 Insu-

490 1390 647 1449 lanis
675 1394 764 1449 his
796 1393 1031 1467 praefuit
1055 1390 1396 1447 Mardontes
1427 1391 1627 1464 Bagaei
1659 1390 1844 1457 filius,
1872 1392 1974 1465 qui
2016 1391 2201 1447 altero
2231 1397 2364 1465 post
2389 1392 2517 1447 haec
2544 1410 2713 1452 anno

489 1472 612 1529 dux
637 1472 790 1547 apud
817 1471 1134 1546 Mycalen
1119 1488 1182 1525 1n
1213 1467 1411 1542 praelio
1441 1469 1665 1525 cecidit.

573 1554 667 1605 81.
709 1550 794 1605 Hi
822 1552 1003 1627 igitur
1029 1557 1167 1604 sunt
1191 1548 1410 1622 populi,
1439 1549 1539 1621 qui
1571 1548 1633 1603 in
1662 1545 2029 1613 continente,
2058 1554 2118 1604 et
2157 1548 2394 1621 quidem
2433 1546 2711 1621 pedibus,

492 1629 850 1687 militabant.
931 1628 1013 1684 Et
1035 1628 1367 1699 pedestribus
1395 1628 1477 1683 his
1504 1629 1667 1699 copiis
1694 1628 2060 1719 praefuerunt
2086 1627 2198 1683 viri
2222 1644 2370 1701 quos
2396 1625 2554 1682 dixi:
2604 1629 2711 1701 qui

490 1716 552 1763 et
577 1708 926 1765 ordinarunt
971 1726 1068 1763 eos
1113 1714 1172 1761 et
1219 1723 1425 1762 eorum
1476 1722 1793 1762 numerum
1842 1705 2127 1771 inierunt,
2166 1714 2227 1761 et
2267 1705 2621 1763 chiliarchas
2648 1715 2713 1763 et

485 1788 842 1859 myriarchas
875 1787 1296 1841 nominarunt:
1346 1784 1822 1841 hecatontarchas
1865 1802 2004 1841 vero
2031 1793 2091 1840 et
2117 1782 2505 1841 decadarchas
2536 1786 2712 1857 (cen-

485 1866 751 1922 turiones
792 1876 852 1920 et
891 1864 1257 1935 decuriones)
1293 1864 1675 1919 nominarunt
1705 1864 2063 1937 myriarchae.
2142 1864 2279 1919 Jam
2324 1863 2709 1938 singulorum

487 1944 801 2019 agminum
831 1944 1303 2017 populorumque
1327 1942 1426 1997 alii
1453 1941 1691 2015 quidem
1718 1942 1957 1999 fuerant
1982 1942 2161 1999 etiam
2190 1941 2369 1997 duces
2396 1942 2660 2002 minores
2686 1967 2706 2014 3

483 2021 587 2081 sed
615 2022 676 2077 hi
703 2024 810 2077 sub
840 2022 1085 2113 imperio
1111 2028 1280 2076 erant
1306 2038 1511 2077 eorum
1539 2037 1685 2094 quos
1712 2021 2185 2077 commemoravi.

567 2104 662 2157 82.
706 2100 859 2155 His'
845 2101 986 2173 ipsis
1026 2117 1188 2166 vero,
1219 2105 1277 2154 et
1303 2099 1573 2154 universo
1614 2100 1864 2171 pedestri
1899 2100 2199 2167 exercitui,
2229 2098 2492 2171 praefecti
2530 2106 2711 2157 erant

483 2178 854 2245 Mardonius,
897 2178 1150 2251 Gobryae
1194 2177 1372 2242 filius,
1417 2186 1479 2233 et
1516 2177 2023 2244 Tritantaechmes‚
2052 2178 2331 2235 Artabani
2371 2178 2552 2247 iuius,
2598 2180 2712 2252 qui

486 2276 596 2331 pro
623 2258 909 2315 sententia
935 2257 1156 2313 dixerat
1178 2274 1296 2311 non
1321 2272 1446 2311 esse
1474 2251 1695 2312 bellum
1723 2256 2093 2315 inferendum
2122 2256 2389 2323 Graeciae,
2408 2265 2469 2312 et
2496 2256 2707 2313 Smer-

484 2337 787 2402 domene5‚
819 2336 1024 2391 Otanis
1055 2335 1252 2404 filius3
1305 2334 1449 2407 (duo
1478 2334 1559 2399 hi,
1591 2335 1755 2392 Darii
1783 2354 1856 2391 ex
1881 2334 2161 2391 fratribus
2187 2341 2451 2409 nepotes,
2480 2334 2709 2393 Xerxis

483 2416 848 2473 consobrini·
835 2416 885 2487 ς)
933 2424 993 2470 et
1018 2414 1312 2480 MasisteS,
1338 2412 1507 2470 Darii
1534 2422 1594 2471 et
1622 2417 1847 2471 Atossae
1886 2410 2066 2481 filius,
2096 2425 2157 2471 et
2182 2413 2398 2488 Gergis
2424 2414 2613 2483 Arizi,
2644 2424 2709 2473 et

485 2494 852 2569 Megabyzus
881 2493 1119 2567 Zopyri.

566 2578 660 2629 83.
703 2572 788 2629 Hi
818 2573 1088 2628 universo
1117 2570 1368 2643 pedestri
1399 2572 1677 2629 exercitui
1708 2578 2013 2647 praeerant,
2042 2574 2299 2647 exceptis
2326 2573 2529 2629 decem
2556 2573 2706 2629 mil-

453 2692 458 2697 -
486 2650 661 2707 libus.
744 2646 858 2706 His
883 2651 1037 2705 enim
1079 2649 1304 2705 selectis
1345 2649 1542 2706 decem
1587 2650 1871 2707 millibus
1879 2650 2185 2707 Persarum
2214 2652 2521 2727 Hydarnes
2548 2670 2707 2724 prae-

487 2729 623 2795 fuit,
654 2728 950 2803 Hydai-nis
979 2728 1150 2785 filius.
1230 2728 1607 2789 Vocabantur
1650 2736 1849 2785 autem
1898 2729 1957 2783 hi
1988 2730 2179 2786 Persae
2206 2724 2548 2789 Immortales
2586 2731 2705 2787 hac

483 2808 558 2863 de
586 2825 817 2865 caussa:
862 2808 1095 2879 quando
1123 2825 1197 2862 ex
1222 2806 1458 2863 illorum
1489 2826 1736 2864 numero
1764 2808 1975 2882 aliquis
2003 2808 2217 2865 defecit
2240 2818 2347 2865 aut
2370 2819 2565 2865 morte
2594 2818 2707 2867 aut

485 2887 696 2943 morbo
758 2895 1018 2953 coactuS,
1062 2886 1210 2943 alius
1249 2886 1312 2941 in
1351 2882 1477 2957 ejus
1514 2888 1715 2943 locum
1777 2889 1867 2943 vir
1920 2886 2307 2962 deligebatur,
2350 2895 2422 2945 ut
2468 2904 2709 2962 semper

486 2972 682 3023 essent
722 2965 909 3022 decies
953 2966 1140 3031 mille,
1183 2982 1289 3019 nec
1338 2965 1535 3038 plures
1584 2984 1690 3021 nec
1728 2966 2045 3039 pauciores.
2147 2966 2451 3041 Praecipuo
2494 2973 2703 3028 autem

481 3045 635 3101 inter
661 3063 869 3100 omnes
899 3044 1065 3100 cultu
1105 3044 1445 3100 eminebant
1469 3044 1680 3109 Persae,
1707 3054 1767 3100 et
1796 3044 2100 3100 fortissimi
2124 3045 2188 3101 hi
2212 3052 2401 3103 erant.
2480 3047 2697 3103 Arma-

485 3132 620 3179 tura
646 3142 716 3179 ea
741 3124 859 3179 fuit
884 3141 1063 3197 quam
1089 3123 1242 3192 dixi,
1229 3148 1242 3159 ·
1291 3131 1570 3196 praeterea
1596 3142 1737 3179 vero
1761 3141 1905 3179 auro
1931 3123 2122 3179 multo
2150 3133 2209 3180 et
2232 3125 2474 3197 copioso
2498 3124 2703 3199 fulge-

484 3201 650 3259 bant.
729 3202 973 3259 Pellices
1019 3202 1194 3265 etiam
1241 3219 1441 3257 secum
1486 3203 1547 3257 hi
1591 3202 1878 3259 ducebant
1922 3202 2215 3275 carpentis
2246 3211 2464 3269 vectas,
2494 3211 2557 3259 et
2580 3202 2703 3259 fre-

483 3298 668 3355 quens
709 3280 1073 3339 famulitium
1117 3280 1314 3353 pulcre
1354 3290 1667 3337 ornatum:
1712 3280 2067 3354 eisdemque,
2098 3282 2340 3337 seorsim
2388 3300 2425 3337 a
2470 3283 2705 3341 caeteris

485 3358 800 3424 militibus,
830 3359 1037 3414 cameli
1065 3368 1125 3413 et
1143 3354 1416 3429 jumenta
1442 3367 1806 3415 commeatus
1836 3358 2143 3415 vehebant.

563 3439 660 3493 84.
699 3438 884 3511 Equis
911 3436 1146 3511 quidem
1190 3437 1487 3493 vehuntur
1532 3456 1735 3494 omnes
1782 3438 1878 3493 isti
1920 3438 2159 3512 populi:
2210 3446 2273 3494 at
2316 3456 2435 3495 non
2486 3458 2701 3499 omn&

483 3519 787 3591 equitatum
811 3517 1136 3581 contulere,
1167 3517 1267 3572 sed
1295 3516 1356 3572 hi
1385 3516 1517 3571 seni.
1588 3516 1801 3581 Persas,
1832 3518 2037 3573 eodem
2068 3516 2247 3572 modo
2274 3520 2485 3574 armati
2516 3528 2703 3595 atque.

479 3595 703 3671 pedites
732 3596 1014 3665 ipsorum,
1033 3596 1144 3651 nisi
1165 3595 1332 3671 quod
1351 3595 1563 3651 horum
1587 3595 1858 3651 nonnulli
1886 3597 1948 3651 in
1976 3596 2265 3669 capitibus
2281 3598 2497 3671 partim
2528 3616 2705 3657 aenea

481 3672 697 3751 partim
728 3675 915 3730 ferrea
942 3691 1120 3746 opera
1144 3674 1457 3748 gestabant
1485 3673 1697 3729 malleo
1722 3674 1915 3730 ducta.

560 3756 655 3810 85
698 3752 846 3808 Sunt
896 3770 1068 3825 porro
1123 3753 1393 3809 homines
1440 3753 1725 3808 nomades
1774 3753 2029 3829 Sagartii
2082 3756 2391 3821 nominati,
2436 3758 2696 3831 populus

479 3831 718 3905 quidem
747 3832 1028 3897 Persicu3‚
1054 3838 1115 3886 et
1138 3822 1348 3905 lingua
1373 3829 1604 3886 Persica
1625 3840 1823 3896 utem,
1848 3833 2015 3889 cultu
2040 3852 2177 3889 vero
2206 3836 2359 3891 inter
2386 3834 2693 3896 Persicum

479 3917 542 3967 et
567 3910 905 3983 Pactyicum
941 3908 1150 3966 medio.
1237 3911 1321 3966 Hi
1359 3911 1623 3983 equitum
1666 3912 2038 3969 contulerant
2076 3922 2211 3969 octo
2250 3912 2481 3969 millia:
2530 3932 2695 3971 arma

480 3995 681 4045 autem
710 3989 822 4044 illis
853 4007 968 4044 non
999 3995 1138 4044 sunt
1176 3988 1240 4043 in
1281 4006 1414 4053 usu,
1448 4006 1554 4044 nec
1580 4006 1767 4061 aenea,
1793 4008 1899 4045 nec
1928 3991 2132 4057 ferrea,
2160 3999 2555 4065 praeterquam
2582 4011 2693 4067 pu·

478 4064 706 4141 gioneS.
787 4066 1054 4124 Utuntur
1092 4084 1230 4123 vero
1279 4066 1520 4123 funibus
1566 4084 1601 4123 e
1638 4056 1780 4123 loris
1827 4062 2048 4142 plexis.
2093 4070 2305 4145 quibus
2349 4070 2643 4129 fidentes
2624 4090 2691 4137 m

474 4143 700 4203 bellum
725 4146 1192 4221 proficiscuntur.
1271 4136 1385 4203 Est
1411 4153 1613 4205 autem
1638 4164 1855 4225 pugnae
1890 4166 2087 4225 genus
2124 4150 2339 4219 horum
2372 4150 2687 4217 bominum
