2925 4992
1104 296 1589 359 CALLIOPE.
2232 356 2236 365 ,
2308 300 2423 361 401

202 454 657 515 Laoedaemoaii
682 455 899 527 locam
942 454 1153 527 reliqui
1176 472 1315 513 vero
1340 456 1556 524 Greci,
1585 464 1766 534 prout
1787 458 2009 532 quique
2031 457 2206 517 locati
2235 468 2428 529 erant,

212 536 463 613 longius
504 536 747 593 aberant
786 554 823 591 a
865 534 1053 600 fonte,
1080 534 1343 607 Asopum
1382 544 1584 593 autem
1631 538 1694 607 ivn
1735 538 2066 613 propinquo
2104 538 2424 598 habebant.

212 615 333 671 Sed
374 614 653 688 quoniam
697 614 775 670 ab
808 614 1005 687 Asopo
1045 613 1413 679 arcebantur,
1441 616 1514 670 ad
1557 615 1829 672 eumdem
1873 616 2106 673 fontem
2147 626 2426 691 aquatum

208 694 491 764 iverant3
536 711 611 749 ex
637 693 819 748 fluvio
854 694 1014 749 enim
1056 692 1257 765 aquari
1297 693 1758 767 prohibebantur
1785 696 1860 750 ab
1887 696 2151 769 equitum
2183 696 2421 757 missili·-

298 854 395 907 50.
434 850 506 908 In
530 852 863 912 hoe'rerum
891 856 1072 916 statu,
1100 866 1282 922 quum
1310 866 1461 923 aqua
1485 860 1706 908 careret
1739 854 2048 927 exercitus,
2079 862 2138 909 et
2163 854 2240 909 ab
2265 856 2430 931 equi..

208 934 347 985 tatu
371 930 633 988 hostium
672 930 1223 994 incommodaretur,
1250 929 1593 987 Graecorum
1619 932 1797 988 duces
1827 933 2178 989 convocavit
2206 933 2428 991 Pausa-

208 1008 369 1073 nias,
402 1016 467 1065 ut
490 1010 561 1065 ad
604 1026 667 1065 se
692 1010 755 1064 in
782 1008 1051 1065 dextrum
1078 1024 1264 1064 cornu
1302 1010 1708 1077 convenirent,
1739 1018 1797 1065 et
1825 1010 1897 1067 de
1939 1012 2031 1069 his
2073 1012 2214 1085 ipsis
2255 1014 2430 1071 rebus

203 1082 479 1160 'itemque
502 1088 576 1143 de
600 1087 731 1143 aliis
754 1087 1155 1143 deliberarent.
1235 1086 1415 1151 Nam,
1434 1096 1646 1160 praeter
1674 1090 1817 1155 haec,
1839 1090 1972 1145 aliis
1995 1091 2173 1147 etiam
2203 1091 2428 1149 incom-

204 1165 413 1221 modis
452 1166 902 1239 premebantur:
946 1164 1167 1220 cibaria
1192 1166 1353 1221 enim
1396 1166 1528 1221 illos
1555 1167 1922 1239 defecerant3
1969 1168 2298 1243 famulique
2323 1183 2426 1227 eo-

204 1260 375 1310 rum,
402 1245 475 1300 ad
502 1244 951 1300 subvehendum
980 1250 1372 1299 commeatum
1420 1245 1484 1301 in
1514 1246 1988 1321 Peloponnesum
2027 1248 2212 1314 missi,
2244 1250 2427 1306 inter-

204 1322 369 1377 clusi
396 1330 565 1380 erant
592 1323 667 1379 ab
692 1323 976 1396 equitatu,
1004 1322 1157 1377 utin
1184 1330 1375 1377 castra
1394 1322 1692 1396 pervenire
1759 1340 1838 1381 on
1871 1334 2128 1398 possent.

294 1406 396 1456 ⁶1.
434 1400 919 1459 Deliberantibus
954 1400 1201 1456 ducibus
1244 1403 1488 1473 placuit,
1515 1408 1607 1468 ut,
1635 1404 1682 1459 si
1747 1421 1784 1459 o
1811 1403 1905 1459 die
1931 1404 2121 1459 Persae
2161 1420 2428 1479 superse-

202 1480 423 1536 derent
448 1480 718 1553 praelium
757 1479 1143 1544 committere,
1175 1480 1285 1553 ipsi
1322 1480 1383 1535 in
1430 1481 1686 1539 insulam
1715 1498 1778 1538 se
1803 1498 1913 1537 con
1921 1480 2190 1539 ferrent.‘
2243 1484 2428 1543 Abest

176 1558 345 1615 ·haec
374 1558 579 1615 decem
621 1558 807 1615 stadia
842 1576 877 1613 a
915 1557 1083 1613 fonte
1108 1558 1468 1633 Gargaphia,
1498 1560 1570 1615 ad
1611 1576 1790 1633 quem
1831 1569 1976 1616 tune
2017 1570 2208 1618 castra
2243 1562 2424 1619 habe-

200 1636 381 1702 bant,
412 1646 615 1712 estque
642 1644 779 1692 ante
814 1636 1025 1693 urbem
1051 1635 1490 1693 Platoeensium.
1571 1639 1662 1695 lta
1702 1639 1898 1695 insula
1939 1638 2122 1697 fuerit
2147 1642 2208 1695 in
2233 1642 2426 1699 conti·-

200 1722 431 1771 nente=
478 1732 691 1789 nempe
729 1712 1011 1771 fluvium
1036 1715 1368 1770 Cithaerone
1406 1724 1610 1772 monte
1647 1714 1706 1773 in
1739 1718 2044 1791 planitiem
2085 1719 2338 1776 decurrit
2366 1720 2427 1777 in

200 1794 380 1849 duos.
412 1794 609 1849 alveos
650 1794 896 1859 divisus,
944 1792 1059 1849 tria
1108 1792 1231 1849 fere
1280 1794 1470 1850 stadia
1517 1813 1556 1850 a
1607 1812 1668 1851 se
1721 1796 1993 1851 invicem‘
2021 1796 2324 1865 distantes,
2365 1810 2428 1857 et

202 1871 433 1929 deinde
472 1874 532 1929 in
560 1890 745 1929 unum
774 1871 1056 1927 confluit:
1102 1888 1323 1927 nomen
1353 1874 1405 1927 ei
1450 1882 1539 1929 est
1567 1874 2066 1949 Osroe,filioemque
2109 1876 2262 1932 hanc
2299 1894 2425 1935 esse

200 1952 394 2023 Asopi
442 1952 611 2007 aiunt
660 1946 836 2023 hujus
890 1950 1143 2023 regionis
1190 1950 1419 2007 ineolae.
1504 1950 1686 2009 Hunc
1741 1955 1810 2009 in·
1853 1953 2052 2009 locum
2107 1955 2426 2013 transferre

200 2038 407 2085 castra
442 2030 897 2094 constituerunt,
926 2045 1043 2101 quo
1068 2036 1129 2085 et
1164 2046 1331 2102 aquae
1371 2030 1652 2087 haberent
1689 2032 1942 2106 copiam,
1977 2048 2082 2088 nec
2107 2033 2184 2089 ab
2209 2034 2424 2107 equiti-

200 2109 350 2173 bus,
378 2108 530 2164 sicut
566 2108 710 2164 dum
748 2126 822 2163 ex
856 2107 1104 2163 adverso
1140 2109 1397 2175 stabant,
1424 2108 1858 2167 insestarentur.
1937 2110 2186 2167 Movere
2223 2121 2424 2171 autem

198 2186 439 2262 placuit
464 2194 654 2243 castra
678 2187 791 2244 sub
816 2186 1134 2242 secundam
1177 2188 1369 2243 noctis
1411 2188 1698 2265 vigiliam,
1731 2206 1802 2248 ne
1843 2190 2034 2245 Persae
2071 2190 2208 2245 illos
2254 2192 2427 2248 vide-

176 2272 344 2322 -rent
390 2265 693 2333 abeuntes„
740 2281 851 2323 nec
900 2264 1123 2339 equites
1174 2264 1309 2327 illos
1358 2273 1741 2338 sequerentur
1785 2273 1844 2321 et
1898 2266 2424 2327 incommodarent.

195 2342 445 2401 Deinde
490 2346 937 2407 constituerant,
974 2342 1211 2415 quando
1250 2343 1313 2397 in
1354 2344 1516 2399 hunc
1555 2344 1754 2400 locum
1794 2346 2213 2417 pervenissent,
2241 2364 2423 2421 quem

198 2423 387 2495 Asopi
426 2423 549 2480 filia
575 2423 765 2479 Oeroe
790 2440 823 2477 e
851 2422 1185 2478 Cithaerone
1234 2420 1545 2479 decurrens
1593 2422 1968 2489 circumfluit,
1997 2424 2202 2480 eadem
2247 2434 2423 2485 noete

203 2501 516 2559 dimidiam
544 2504 843 2575 copiarum
887 2506 1113 2573 partem
1140 2499 1213 2555 ad
1240 2496 1638 2557 Cithaeronem
1677 2502 1929 2567 mittere,
1960 2502 2033 2557 ad
2065 2502 2422 2577 recipiendos

199 2580 497 2648 >famulos,
522 2581 623 2653 qui
650 2586 1045 2637 commeatum
1074 2578 1371 2635 advecturi
1400 2580 1696 2637 abierant:
1717 2576 1896 2637 'erant
1921 2582 2077 2637 enim
2101 2582 2165 2637 in
2197 2578 2422 2641 Citha-

202 2674 355 2717 rone
380 2659 701 2715 interclusi.

294 2740 389 2794 5⁴2.
430 2736 579 2794 Haec
604 2754 790 2811 quum
818 2737 903 2793 ita
928 2736 1345 2804 decrevissent,
1372 2744 1502 2794 toto
1527 2737 1632 2793 illo
1657 2737 1751 2794 die
1789 2738 1866 2795 ab
1903 2741 2172 2813 equitatu
2211 2740 2418 2816 pressi,

200 2818 570 2873 immensum
614 2815 1023 2873 sustinuerunt
1064 2815 1345 2873 laborem.
1424 2815 1512 2874 Ut
1551 2832 1692 2872 vero
1739 2817 1860 2873 dies
1903 2817 2137 2886 defecit,
2181 2822 2420 2878 destite-

202 2902 470 2969 rantque
508 2897 751 2968 equites,
782 2895 940 2949 facta
978 2902 1155 2950 nocte
1180 2906 1241 2950 et
1266 2894 1772 2969 adpropinquante
1811 2896 1956 2951 hora
1995 2912 2112 2970 qua
2135 2905 2207 2955 ut
2234 2899 2420 2956 disee=

202 2972 419 3030 dei-ent
444 2982 569 3029 erat
593 2973 998 3039 constitutum,
1030 2980 1158 3028 tum
1186 2990 1323 3029 vero
1364 2973 1627 3047 plerique
1666 2974 1928 3032 collectis
1950 2976 2104 3031 vasis
2135 2976 2417 3034 discesse-

196 3060 385 3121 runt3
419 3070 540 3108 non
570 3052 655 3108 mi
681 3052 899 3117 locum,
928 3052 999 3107 de
1024 3068 1143 3124 quo
1168 3060 1540 3117 convenerat,
1568 3058 1763 3129 petere
1783 3054 1842 3109 in
1871 3054 2072 3112 animo
2097 3054 2380 3113 habentes
2396 3081 2413 3127 3

194 3131 337 3197 sed,
366 3131 613 3189 simulac
634 3130 857 3187 moveri
888 3137 1207 3203 coeperunt,
1232 3130 1352 3187 laeti
1379 3130 1652 3205 effugisse
1679 3128 2030 3204 equitatum,
2057 3150 2258 3191 versus
2286 3132 2445 3191 Pla-⁴

198 3210 517 3267 toeensium
546 3209 749 3265 urbem
778 3208 1102 3283 fugientes,
1130 3208 1205 3265 ad
1231 3208 1516 3265 Heraeum
1549 3208 1612 3284 [J
1619 3207 1835 3266 unonis
1864 3210 2184 3284 templum]
2215 3230 2419 3286 perve-

183 3294 442 3352 -nerunt,
470 3288 625 3361 quod
655 3300 742 3345 est
769 3297 907 3343 ante
936 3287 1351 3344 Plataeensium
1390 3289 1620 3353 urbem,
1651 3288 1862 3364 viginti
1903 3288 2091 3347 stadia
2129 3308 2164 3347 a
2191 3292 2419 3378 Garga-

198 3366 353 3443 phia
378 3368 641 3438 distans3
688 3368 887 3439 ibique
914 3375 1054 3422 ante
1080 3367 1367 3441 templum
1396 3367 1802 3425 consederunt.
2291 3388 2296 3391 ·

289 3450 385 3503 53.
428 3444 514 3503 Hi
554 3442 740 3519 igitur
776 3445 928 3501 cirea
974 3444 1250 3502 Heraeum
1298 3453 1488 3502 castra
1535 3446 1808 3503 habuere.
1889 3448 2203 3510 Pausanias
2247 3468 2413 3517 vero,

190 3534 517 3600 postquam
552 3524 687 3580 illos
714 3524 859 3579 vidit
898 3524 1101 3584 castris
1128 3524 1512 3597 egredienteS,
1541 3533 1704 3579 ratus
1745 3544 1880 3582 eum
1919 3528 2117 3584 locum
2159 3528 2312 3595 illos,
2341 3530 2417 3585 de

196 3620 325 3678 quo
350 3611 721 3669 convenerat,
749 3608 964 3676 petere,
994 3600 1472 3658 Lacedaemonios
1501 3604 1676 3659 etiam
1705 3622 1867 3660 arma
1899 3602 2076 3675 jussit
2103 3624 2328 3679 capere,
2353 3618 2416 3663 et

196 3684 411 3739 eadem
440 3682 555 3747 via,
586 3698 703 3756 qua
728 3681 919 3737 caeteri
944 3680 1403 3755 praecessissent,
1430 3680 1722 3757 progredi.
1793 3683 1888 3739 Ibi
1915 3694 2073 3751 tunc,
2103 3702 2288 3757 quum
2319 3686 2417 3743 alii
2522 3749 2530 3756 ‚

196 3778 411 3819 omnes
460 3760 738 3817 ordinum
788 3760 1056 3815 ductores
1106 3760 1292 3830 parati
1348 3768 1538 3815 essent
1591 3760 1892 3818 Pausaniae
1943 3763 2212 3835 obsequi,
2257 3779 2414 3821 unus

197 3840 720 3912 AmompharetuS,
769 3838 1025 3895 Poliadae
1078 3837 1255 3902 filius,
1302 3836 1669 3911 manipulum
1721 3840 1942 3897 ducens
1989 3840 2412 3911 Pitanetarunr,

198 3921 287 3976 ait
316 3926 359 3951 “
384 3936 447 3975 se
471 3935 593 3973 non
618 3917 950 3993 fugiturum
974 3917 1333 3991 peregrinos,
1356 3912 1734 3991 nequeultro
1760 3920 2146 3995 ignominiam
2177 3920 2413 3995 adsper-

198 4004 247 4031 “
273 4014 483 4055 surum
512 3994 807 4069 Spartanis
826 3997 885 4064 ς’·
926 3996 1289 4069 miratusque
1318 4004 1426 4061 est,
1454 3991 1560 4050 ubi
1599 3998 1736 4071 quid
1775 4006 2050 4071 ageretur
2075 3998 2258 4055 vidit:
2303 4016 2414 4057 nec

198 4078 359 4135 enim
389 4074 679 4155 superiori
706 4073 995 4147 colloquio
1022 4074 1382 4131 intermerat.
1463 4074 1768 4131 Pausanias
1793 4092 1934 4131 vero
1969 4082 2030 4131 et
2055 4074 2412 4153 Euryanacti

194 4156 450 4235 indigna
474 4172 567 4213 res
590 4153 721 4222 visa
744 4158 853 4223 est,
883 4153 1137 4234 imperio
1166 4168 1293 4213 non
1328 4152 1738 4230 obtemperare
1764 4154 2196 4231 centurionem,
2221 4158 2411 4222 adhue
