2925 4992
1123 317 1250 380 c‘L
1276 317 1306 380 1
1333 321 1410 381 0ae
2284 323 2361 380 15

133 491 356 542 torum.
425 481 594 542 Fecit
617 481 800 541 etism
825 479 1020 538 leonis
1043 479 1304 558 effigiem
1331 499 1404 539 ex
1430 499 1575 539 auro
1598 475 2107 556 purissimo,cujus
2130 483 2365 558 pondus

135 563 348 620 decem
363 561 592 618 talenta
605 559 943 636 colligebat.
1021 557 1142 616 Hic
1167 560 1283 625 lec,
1301 579 1420 636 quo
1444 569 1712 635 tempore
1736 561 2083 635 deflagravit
2106 561 2363 636 Delphi-¹

133 657 282 698 cum
303 640 626 715 templum,
643 637 1184 698 -desemilateribus
1221 639 1460 705 decidit,
1496 640 1701 714 (super
1724 639 1843 696 illis
1868 640 2035 696 euim
2074 649 2199 696 erat
2238 643 2363 697 col-

133 718 424 789 locatus)
455 727 516 776 et
544 735 708 777 nunc
733 715 801 774 in
817 713 1256 774 Corinthiorum
1283 719 1561 776 thesauro
1576 727 1665 774 est
1682 719 1991 792 repositus,
2016 719 2371 793 pondusque

135 793 270 869 ejus
289 815 398 856 sex
417 797 782 855 talentorum
799 803 890 852 est
908 812 1045 852 cum
1063 795 1312 854 dimidio
1328 822 1348 870 ς
1377 797 1603 874 periere
1620 798 1783 855 enim
1805 797 2121 872 liquefacta
2138 798 2365 855 talenta

134 877 256 934 tria
279 893 423 934 cum
447 876 715 937 dimidio.

220 959 320 1013 51.
363 954 518 1014 Haec
541 955 780 1012 Croesus
807 963 1120 1028 postquam
1147 953 1416 1012 confecta
1452 955 1681 1024 habuit,
1722 955 1991 1030 Delphos
2014 951 2198 1022 misit,
2226 971 2365 1014 cum

139 1035 350 1110 eisque
397 1034 576 1092 simul
615 1035 850 1090 haecce:
893 1041 1144 1088 crateres
1184 1032 1332 1091 duos
1369 1035 1595 1112 ingenti
1634 1034 2069 1112 magnitudine,
2097 1035 2361 1092 alterum

137 1131 418 1179 aureum,
447 1121 800 1186 argenteum
833 1110 1082 1168 alterum
1111 1135 1130 1181 3
1175 1127 1428 1185 quorum
1463 1131 1673 1171 aureus
1706 1115 1781 1170 ad
1826 1114 2089 1170 dextram
2140 1112 2367 1186 positus

139 1199 270 1250 erat
297 1191 664 1248 intrantibus
705 1190 1022 1265 templum,
1065 1199 1378 1265 argenteus
1405 1193 1478 1249 ad
1506 1193 1819 1250 sinistram.
1902 1191 2013 1248 Sed
2042 1199 2103 1248 et
2133 1191 2217 1258 hi,
2247 1209 2368 1266 quo

138 1281 416 1345 tempore
441 1267 832 1345 conflagravit
853 1268 1168 1342 templum,
1209 1270 1344 1328 loco
1377 1273 1531 1328 moti
1558 1279 1695 1328 sunt
1724 1288 1742 1326 ε
1784 1279 1843 1327 et
1866 1287 2077 1327 aureus
2102 1269 2367 1345 quidem,

137 1345 312 1421 cujus
341 1349 582 1425 pondus
605 1356 744 1404 octo
768 1347 986 1403 talenta
1009 1363 1148 1404 cum
1172 1347 1418 1405 dimidio
1441 1350 1671 1426 colligit
1694 1349 2119 1423 duodecimque
2136 1350 2374 1423 insuper

137 1427 351 1496 libras,
393 1428 458 1484 in
503 1427 1016 1488 Clazomeniorum
1040 1427 1316 1482 thesauro
1343 1429 1571 1502 positus
1598 1438 1722 1498 est3
1767 1435 2083 1503 argenteus
2122 1444 2263 1484 vero
2298 1425 2367 1484 iu

140 1509 280 1565 atrii
321 1506 580 1582 angulo,
618 1505 852 1580 capiens
891 1505 1204 1576 amphoras
1245 1515 1587 1578 sexcentas3
1652 1505 1933 1564 miscetur
1968 1507 2129 1562 enim
2180 1503 2241 1561 in
2294 1523 2372 1564 eo

139 1588 360 1644 vinum
407 1603 448 1642 a
483 1583 930 1658 Delphensibus
971 1580 1126 1640 festo
1172 1582 1695 1660 Theophaniorum
1747 1585 1857 1642 die.
1935 1585 2114 1642 Aiunt
2166 1591 2367 1642 autem

143 1663 544 1740 Delpheuses,
575 1681 702 1720 esse
726 1678 876 1738 opus
897 1661 1198 1720 Theodori
1227 1663 1412 1720 Samii
1434 1690 1451 1736 3
1496 1665 1653 1740 quod
1695 1665 1871 1720 etiam
1893 1668 2029 1738 'ego
2068 1661 2367 1730 existimo,

143 1761 272 1804 esse
319 1743 486 1800 enim
531 1741 817 1800 fabricam
863 1739 1026 1798 haud
1079 1742 1390 1818 vulgarem
1443 1743 1699 1818 adparet.
1780 1741 2072 1798 Praeterea
2120 1749 2371 1815 quatuor

143 1823 310 1879 dolia
333 1821 504 1878 misit
528 1828 832 1896 argentea,
861 1836 999 1894 quae
1039 1821 1102 1878 in
1145 1821 1591 1879 Corinthiorum
1632 1817 1911 1878 thesauro
1935 1821 2189 1894 reposita
2214 1828 2371 1878 sunta

142 1900 316 1958 Duas
371 1901 522 1957 item
587 1916 768 1956 urnas
831 1901 1102 1958 lustrales
1153 1899 1469 1967 dedicavit,
1519 1918 1756 1957 auream
1813 1901 2080 1966 alteram,
2120 1899 2371 1956 alteram

147 1987 536 2055 argenteam:
579 1995 834 2052 quarum
873 1977 997 2046 illa,
1038 1995 1172 2054 quae
1199 1996 1274 2034 ex
1299 1997 1443 2035 auro
1476 1989 1584 2047 est,
1626 1979 1868 2036 titulum
1897 1979 2133 2054 praefert
2158 1971 2369 2036 Lacr.-

147 2071 647 2124 mssuomoauu,
671 2055 992 2132 dicuntque
1015 2057 1452 2115 Lacedaemonii
1476 2076 1653 2114 suum
1680 2075 1809 2115 esse
1834 2057 2162 2124 donarium,
2182 2057 2365 2126 fals03

148 2155 286 2195 uam
325 2145 390 2193 et
427 2137 544 2193 hoc
571 2135 758 2192 Croesi
784 2143 895 2202 est,
921 2136 1167 2193 titulum
1197 2145 1394 2194 autem
1435 2132 1735 2212 inscripsit
1769 2136 2200 2212 Delphensium
2244 2153 2371 2194 nou

149 2233 352 2282 nemo,
381 2214 847 2272 Lacedaemoniis
873 2215 1344 2290 gratificaturus3
1388 2211 1557 2286 cujus
1580 2233 1819 2282 nomen,
1848 2215 1999 2273 bene
2039 2214 2185 2272 mihi
2228 2232 2372 2290 cog·

148 2297 366 2362 ratim,
413 2293 588 2350 edere
638 2293 799 2349 nolo.
879 2291 994 2351 Sed
1051 2309 1194 2368 puer
1235 2295 1496 2368 quidem,
1538 2291 1703 2365 cujus
1748 2311 1852 2368 per
1896 2311 2143 2352 manum
2184 2293 2375 2352 effluit

151 2389 332 2448 aqua,
360 2371 954 2430 Lacedaemoniorum
993 2371 1303 2432 'donarium
1345 2380 1454 2440 est,
1496 2379 1561 2428 at
1596 2391 1875 2430 umarum
1914 2381 2139 2430 neutra.
2238 2372 2375 2430 Alia

151 2454 412 2525 denique
457 2451 646 2507 multa
685 2450 930 2508 donaria
970 2451 1132 2508 nullo
1171 2451 1347 2508 titulo
1388 2452 1625 2527 signata
1662 2453 1842 2508 simul
1880 2469 2013 2509 cum
2055 2451 2185 2508 istis
2211 2449 2379 2510 misit

154 2533 396 2588 Croesus
425 2553 440 2586 z
487 2530 551 2586 in
593 2529 686 2585 his
726 2536 928 2604 gattos
967 2540 1279 2605 argenteos
1317 2530 1645 2587 orbiculata
1682 2529 1909 2599 forma3
1964 2538 2023 2587 et
2050 2528 2373 2603 praesertim

153 2609 422 2667 mulieris
463 2607 845 2672 simulacrum
888 2624 1133 2664 aureum
1176 2609 1524 2677 tricubitale,
1570 2626 1749 2685 quam
1790 2607 2157 2682 Delpheuses
2209 2607 2377 2664 aiunt

155 2689 422 2762 effigiem
477 2700 608 2742 esse
646 2686 898 2760 pistricis
948 2687 1152 2744 Croaei.
1231 2688 1321 2745 Ad
1363 2687 1489 2744 haec
1530 2689 1731 2745 uxoris
1775 2689 1954 2744 etiam
1999 2705 2119 2744 suoe
2158 2685 2376 2744 conare

155 2765 474 2831 dedicavit,
501 2760 884 2839 ejusdemque
909 2765 1170 2842 cingula.

235 2850 332 2901 52.
373 2845 506 2902 Ista
545 2844 728 2918 igitur
763 2844 925 2899 dona
963 2843 1230 2920 Delphos
1271 2845 1509 2901 Croesus
1559 2839 1737 2902 misit.
1816 2845 2175 2920 Amphiarao
2213 2861 2375 2913 vero,

155 2921 324 2997 cujus
351 2933 416 2980 et
444 2923 725 2978 virtutem
755 2933 814 2978 et
843 2921 1239 2981 calamitatem
1266 2923 1444 2979 fando
1476 2922 1768 2992 audierat,
1792 2925 2063 3000 clypeum
2093 2923 2379 2982 dedicavit

155 3014 350 3062 totum
381 3021 459 3059 ex
487 3016 673 3072 aun-03
720 3001 861 3056 item
893 3001 1120 3058 hastam
1162 3020 1236 3059 ex
1275 3001 1463 3058 solido
1501 3001 1646 3058 aul-o
1686 3013 1899 3070 totam,
1924 3003 2135 3059 hastile
2160 3004 2379 3078 pariter

159 3099 409 3142 aureum
465 3089 644 3152 atque
693 3077 987 3153 spiculum
1012 3095 1031 3134 τ
1072 3097 1202 3154 quae
1256 3081 1505 3136 donaria
1556 3081 1628 3136 ad
1676 3097 1869 3136 meam
1909 3097 2097 3154 usque
2140 3088 2384 3148 aetatem,

157 3157 380 3218 Thebis
435 3157 697 3233 reposita
749 3165 914 3226 sunt,
965 3176 1180 3234 nempe
1228 3157 1653 3216 Thebanorum
1720 3160 1783 3215 in
1852 3160 2075 3234 templo
2132 3159 2379 3216 Ismenii

158 3241 206 3298 A
287 3237 472 3295 llinis.

209 3257 341 3376 1³23.
385 3315 536 3374 Haec
561 3315 716 3372 dona
741 3315 816 3372 ad
843 3315 1089 3374 deorum
1129 3317 1352 3391 templa
1390 3316 1670 3374 delaturis
1697 3314 1875 3394 Lydis
1921 3314 2184 3389 injunxit
2210 3319 2377 3374 Croe-

159 3415 282 3464 saa,
307 3409 378 3454 ut
407 3397 840 3469 interrogarent
876 3397 1136 3462 oracula,
1182 3403 1226 3428 “
1249 3397 1345 3457 An
1384 3397 1663 3452 adversus
1705 3395 2381 3470 Persas‘expeditionem

163 3483 206 3510 “
237 3476 566 3548 susciperet
607 3475 860 3539 Croesus,
905 3485 966 3531 et
1007 3493 1080 3530 an
1119 3475 1422 3548 copiarum
1448 3474 1822 3531 auxiliarium
1859 3493 2108 3531 manum
2136 3475 2250 3532 sibi
2274 3476 2379 3534 ad-

157 3551 440 3631 jungeret
461 3555 524 3609 2⁹·
605 3551 750 3620 Qui,
781 3560 848 3608 ut
873 3570 944 3608 eo
969 3569 1092 3628 quo
1118 3554 1282 3610 missi
1307 3562 1478 3610 crant
1501 3569 1835 3628 pervenere,
1866 3555 2147 3610 dedicatis
2189 3554 2378 3614 dona-

161 3635 279 3702 riis,
335 3629 584 3689 oracula
621 3630 1048 3688 consuluerunt
1085 3628 1179 3688 his
1229 3631 1462 3689 verbis:
1535 3638 1581 3664 “
1612 3633 1868 3700 Croesus,
1919 3631 2221 3708 Lydorum
2273 3650 2381 3688 rex

167 3719 208 3746 “
237 3711 613 3783 aliorumque
651 3710 1031 3783 populorum,
1075 3710 1419 3766 existimans
1461 3711 1589 3766 haec
1638 3711 1765 3766 sola
1803 3729 1941 3767 vera
1975 3729 2101 3768 esse
2143 3713 2413 3773 oracula,

169 3796 212 3824 “
237 3791 604 3854 hominibus,
647 3788 802 3844 dona
841 3788 1012 3845 vobis
1055 3789 1219 3845 misit
1259 3789 1442 3864 digna
1480 3789 1688 3848 vestris
1733 3791 2009 3853 inventis,
2052 3799 2111 3846 et
2148 3807 2307 3846 nunc
2348 3807 2385 3846 e

172 3876 217 3903 “
243 3871 416 3927 vobis
455 3867 692 3943 quaerit,
733 3883 808 3922 an
853 3865 1131 3923 adversus
1173 3867 1376 3925 Persas
1417 3867 1708 3941 suscipere
1748 3869 2203 3942 expeditionem,
2249 3876 2381 3924 tum

171 3955 214 3981 “
239 3965 486 4024 ecquem
537 3945 866 4001 exercitum
916 3947 1144 4002 socium
1199 3963 1499 4002 armorum
1548 3946 1760 4002 debeat
1812 3947 1928 4002 sibi
1980 3943 2301 4024 adjungere
2324 3949 2385 4002 Γ·

174 4028 318 4090 Quae
343 4043 534 4102 quum
561 4024 650 4100 illi
677 4025 1166 4099 interrogassent,
1197 4025 1506 4100 utriusque
1532 4021 1753 4082 oraeufi
1780 4041 2061 4098 responsa
2100 4023 2174 4082 ad
2217 4043 2383 4082 eam-

176 4107 304 4162 dem
329 4104 686 4164 sententiam
715 4102 1143 4172 collinearunt3
1179 4119 1408 4180 ‘nempe
1435 4103 1827 4177 praedicebant
1856 4107 2082 4171 Croe30,
2111 4107 2159 4160 si
2188 4105 2386 4162 bellum

183 4183 402 4258 &ferret
449 4185 665 4262 Pestis,
717 4195 1028 4238 eversurum
1081 4199 1202 4240 eum
1253 4199 1362 4241 esse
1407 4197 1668 4255 magnum
1720 4186 2039 4257 imperium3
2091 4183 2386 4258 simulque
