2925 4992
548 310 663 367 1⁴6
1111 304 1612 367 HERoDoTI
1675 304 2042 369 ms'roR.
2101 305 2220 367 111.

554 471 601 499 “
624 465 863 533 dixeris,
878 465 1077 524 salvus
1099 465 1281 523 abito.
1322 466 1634 541 Ipsum-ne
1647 464 1918 523 Smerdin
1939 464 2266 523 oculistuis
2287 460 2514 532 vidisti,
2532 464 2642 540 qui
2669 464 2788 525 tibi

555 552 597 577 ‘⁴
625 546 741 601 hoe
765 546 1113 603 mandatum
1140 545 1403 616 dederit3
1450 564 1526 601 an
1541 547 1618 601 ab
1641 546 1845 619 aliquo
1867 562 1942 601 ex
1967 540 2094 616 ejus
2119 544 2402 601 ministris
2427 544 2580 601 illud
2607 561 2790 603 acce-

556 631 599 655 “
632 624 769 697 pisti
792 627 849 681 ?'’
876 624 1035 681 Tum
1051 624 1169 690 ille,
1191 630 1233 657 “
1254 622 1447 699 Ego,”
1466 626 1678 697 inquit,
1703 632 1742 657 ‘⁶
1763 621 2029 681 Smerdin
2047 624 2182 694 Cyri
2201 622 2416 689 filium,
2437 640 2514 679 ex
2531 640 2658 699 quo
2677 643 2796 683 rex·

556 710 597 737 “
622 704 945 776 Cambyses
972 720 1107 759 eum
1136 702 1396 759 exercitu
1418 705 1476 758 in
1495 704 1826 778 AEgyptum
1853 713 1944 759 est
1971 702 2289 776 profectus,
2316 701 2589 759 nondum
2609 702 2742 759 vidi
2767 726 2786 761 t

558 788 599 813 ‘⁶
628 783 731 839 sed
757 782 997 857 Magus,
1032 799 1212 855 quern
1240 782 1453 837 domus
1477 800 1600 837 sure
1628 791 2062 855 procuratorem
2087 782 2408 852 Cambyses
2432 782 2786 851 constituit,

556 867 597 891 “
630 862 727 917 hic
766 859 914 916 mihi
956 861 1235 917 mandata
1278 861 1403 915 haec
1446 861 1626 927 dedit,
1670 860 1874 915 dicens
1901 858 2167 915 Smerdin
2194 874 2357 925 desse,
2387 859 2526 932 Cyri
2555 860 2786 927 filium,

556 945 602 973 “
632 940 755 1013 qui,
790 947 861 996 ut
888 956 959 995 ea
984 940 1055 994 ad
1084 956 1191 994 vos
1236 939 1574 1011 perferrem,
1615 940 2008 1011 imperasset.”
2093 938 2240 993 Haec
2269 938 2394 992 illis
2437 939 2628 995 homo
2669 938 2790 997 iste

551 1017 725 1081 dixit,
752 1036 789 1073 a
816 1019 1061 1073 veritate
1084 1018 1235 1073 nihil
1262 1014 1682 1076 dissentientia.
1758 1017 1920 1073 Tum
1937 1016 2258 1089 Cambyses
2277 1037 2294 1071 ε
2339 1021 2382 1047 “
2408 1012 2504 1072 Tu
2529 1017 2787 1091 quidem

554 1100 599 1128 “
632 1098 1005 1169 Prexaspes,”
1035 1098 1138 1161 ait,
1186 1103 1229 1127 ‘⁶
1264 1106 1329 1151 ut
1370 1098 1461 1151 vir
1493 1098 1680 1151 bonus
1709 1097 1984 1151 mandata
2008 1112 2142 1151 mea
2169 1103 2502 1163 exsecutae,
2529 1096 2786 1169 culpam

557 1182 599 1206 ‘⁶
630 1174 887 1251 effugisti
919 1196 932 1230 ι
976 1184 1037 1230 at
1070 1175 1203 1247 quis
1228 1172 1468 1231 tandem
1513 1176 1612 1247 ille
1650 1175 1830 1231 fuerit
1876 1174 2206 1239 Persarum,
2233 1172 2340 1245 qui
2377 1174 2640 1231 Smer-dis
2675 1192 2786 1231 no-

556 1259 604 1285 “
632 1271 767 1309 men
784 1270 1091 1327 usurpans,
1110 1253 1387 1309 adversus
1408 1270 1506 1309 me
1529 1254 1842 1309 insurrexit
1860 1255 1918 1308 Υ·
1949 1253 2064 1308 Cui
2079 1253 2200 1318 ille,
2221 1259 2258 1285 ‘⁶
2283 1250 2600 1325 Equidem,
2617 1253 2785 1319 Rex,

434 1324 449 1344 ⁸
556 1338 599 1363 “
628 1332 777 1389 mihi
796 1329 1054 1397 videor,'’
1084 1333 1302 1405 inquit,
1332 1340 1371 1363 “
1398 1332 1726 1407 intelligere
1745 1332 1882 1404 quid
1909 1333 2022 1389 hoe
2041 1331 2122 1387 rei
2141 1332 2234 1387 sit.
2313 1328 2482 1406 Magi
2507 1339 2662 1389 sunt
2677 1332 2785 1407 qui

558 1416 605 1443 “
632 1400 737 1468 tibi
768 1412 1229 1475 insurrexerunt,
1258 1418 1385 1467 tum
1412 1411 1461 1465 is
1483 1426 1658 1483 quem
1689 1418 1756 1467 tu
1777 1418 2216 1483 procuratorem
2243 1407 2456 1465 domus
2479 1417 2604 1467 tuae
2626 1426 2784 1467 oon·

556 1496 599 1523 ‘⁸
630 1491 895 1555 stituisti,
926 1490 1307 1555 PatizeitheS,
1336 1497 1461 1545 tum
1494 1484 1671 1559 hujus
1695 1490 1874 1544 frater
1899 1489 2210 1545 smerdius·

634 1572 729 1625 6⁴.
774 1569 869 1624 Ibi
908 1576 1069 1633 tunc,
1116 1569 1319 1625 audito
1366 1570 1626 1623 smerdis
1671 1568 1932 1633 nomine,
1983 1564 2200 1626 verius
2241 1580 2427 1641 quum
2469 1567 2784 1625 (lictorum

552 1654 687 1705 tum
716 1648 995 1703 insomnii
1034 1648 1303 1703 animum
1334 1648 1594 1720 percutit
1631 1646 1958 1721 Camb'ysis,
1987 1647 2084 1703 eui
2127 1662 2232 1719 per
2253 1662 2532 1701 somnum
2571 1646 2783 1703 visum

550 1734 679 1783 erat
708 1726 993 1781 nunciare
1032 1723 1289 1799 aliquem
1326 1726 1462 1791 sibi,
1507 1726 1784 1791 Smer-din,
1827 1727 1980 1798 regio
2021 1728 2078 1781 in
2103 1725 2238 1779 solio
2271 1725 2559 1793 sedentem,
2586 1728 2784 1799 eapite

556 1805 751 1861 coelum
802 1807 1053 1877 tetigisse.
1136 1806 1341 1878 ltaque
1398 1804 1762 1878 intelligens,
1807 1803 2028 1859 frustra
2067 1803 2306 1876 periisse
2343 1803 2610 1870 fratrem,
2673 1804 2782 1861 de-

556 1884 811 1957 ploravit
854 1882 1119 1938 Smerdin
1140 1904 1156 1937 ¹.
1206 1894 1265 1939 et
1307 1892 1616 1955 postquam
1661 1884 1994 1938 universam
2021 1898 2190 1939 suam
2233 1882 2634 1939 calamitatem
2679 1882 2784 1939 de-

558 1962 847 2036 plorasset
869 1962 1345 2034 lamentatusque
1370 1969 1546 2025 esset,
1575 1962 1634 2015 in
1663 1978 1882 2034 equum
1909 1960 2154 2031 insiliit3
2199 1961 2263 2017 in
2289 1960 2490 2017 animo
2519 1960 2782 2029 habens,

552 2058 737 2113 quam
778 2040 1079 2095 celerrime
1122 2048 1337 2111 posset,
1382 2038 1530 2095 Susa
1555 2040 1832 2096 adversus
1882 2040 2134 2113 Magum
2173 2039 2387 2097 ducere
2427 2040 2782 2097 exereitum.

555 2122 653 2184 At,
682 2119 825 2174 dum
854 2119 913 2173 in
944 2135 1161 2191 equum
1208 2118 1417 2182 insilit,
1444 2120 1518 2173 de
1553 2119 1772 2193 vagina.
1809 2117 1992 2191 gladii
2001 2118 2224 2192 jungas
2263 2119 2538 2192 [extremes
2559 2121 2782 2194 vagiaeae

556 2198 859 2253 claustrum
880 2200 991 2253 sive
1030 2214 1237 2253 oeneum
1274 2198 1572 2263 vinculum,
1607 2198 1784 2269 [ηεξ
1815 2195 2038 2271 figura]
2091 2196 2346 2266 decidit3
2405 2206 2470 2253 et
2511 2198 2780 2255 nudatus

552 2276 791 2352 gladius
814 2276 1009 2332 femur
1028 2276 1201 2332 feriit.
1284 2276 1636 2333 vulneratus
1665 2272 1846 2351 igitur
1865 2276 2183 2348 Cambyses
2209 2276 2414 2331 eadem
2443 2284 2634 2348 parte,
2663 2292 2784 2351 qua

550 2357 681 2430 ipse
706 2364 883 2411 antea
906 2356 1081 2411 deum
1110 2356 1534 2430 AEgyptiorum
1563 2355 1714 2427 Apin
1733 2362 2112 2428 percusserat,
2139 2372 2324 2429 quum
2349 2353 2525 2411 letale
2551 2354 2780 2411 vulnus

554 2435 845 2507 accepisse
882 2434 1001 2491 sibi
1024 2434 1339 2499 videretur,
1378 2434 1650 2505 quaesivit
1685 2434 1958 2505 quodnam
1997 2450 2190 2489 nomen
2227 2439 2360 2489 emt
2404 2433 2660 2505 oppido?
2698 2435 2781 2491 Et

554 2514 641 2570 ini
668 2512 985 2587 Agbatana
1006 2512 1301 2567 dixerunt.
1380 2512 1530 2567 Erat
1567 2509 1622 2567 ei
1659 2518 1858 2567 autem
1902 2513 2192 2585 superiori
2236 2520 2502 2586 tempore
2547 2513 2778 2571 oraculi

554 2608 901 2665 responsum
928 2609 1000 2646 ex
1028 2591 1185 2646 Buto
1208 2591 1357 2646 urbe
1370 2591 1660 2655 adlatum,
1689 2591 1998 2663 Agbatanis
2019 2592 2179 2646 illum
2200 2593 2528 2646 moriturum
2546 2613 2569 2644 .·
2607 2594 2778 2649 unde

552 2670 670 2729 sibi
702 2677 1089 2743 persuaserat,
1130 2669 1455 2743 Agbatanis
1483 2668 1718 2733 Mediae,
1765 2670 1870 2725 ubi
1893 2670 1948 2725 ei
1975 2688 2171 2726 rerum
2219 2670 2492 2725 omnium
2528 2688 2779 2729 summa

552 2755 703 2813 erat,
736 2764 939 2803 senem
964 2763 1091 2803 sese
1116 2748 1239 2803 vita
1266 2748 1610 2803 functurum
1636 2772 1652 2817 3
1700 2756 1762 2803 at
1784 2749 2066 2804 nimirum
2093 2748 2408 2823 Agbatana
2433 2745 2616 2821 Syriae
2639 2749 2778 2807 dix·-

556 2835 683 2885 erat
704 2827 1035 2883 oraculum.
1114 2827 1343 2899 ltaque,
1372 2835 1684 2898 postquam
1705 2835 1848 2883 tune
1871 2832 2286 2901 percunctatus
2313 2826 2516 2900 oppidi
2557 2844 2780 2885 nomen

554 2905 861 2981 cognovit,
890 2914 1299 2963 consternatus
1324 2902 1660 2961 calamitate
1685 2922 1820 2979 quae
1845 2914 1904 2961 et
1923 2924 1998 2962 ex
2015 2905 2206 2979 Mago
2229 2906 2286 2961 ei
2313 2904 2696 2975 imminebat,
2721 2918 2780 2964 et

552 3004 631 3041 ex
668 2984 928 3051 vulnere,
970 2985 1253 3057 resipuit3
1304 2984 1761 3059 intelligensque
1799 2984 2026 3043 oraculi
2047 2978 2447 3058 'responsunb
2489 2984 2622 3041 ait:
2665 2989 2781 3043 Hic

556 3065 662 3120 luci
670 3061 865 3136 fatale
888 3070 967 3119 est
994 3066 1163 3119 vitum
1176 3063 1345 3140 finire
1372 3062 1690 3136 Cambysen,
1725 3062 2070 3137 Cyrifiiium,

634 3147 731 3199 65.
770 3142 979 3214 Neque
1002 3151 1145 3199 tunc
1161 3142 1365 3214 plura3
1412 3142 1514 3197 sed
1541 3138 1775 3207 deinde,
1797 3137 2114 3211 interjectis
2140 3142 2262 3199 fere
2289 3144 2508 3219 viginti
2537 3144 2774 3212 diebus,
2881 3129 2890 3147 ’

554 3221 889 3279 convocatis
914 3220 988 3275 ad
1031 3236 1094 3276 se
1134 3220 1574 3293 spectatissimis
1601 3220 1700 3292 qui
1741 3221 1988 3275 aderant
2027 3220 2362 3288 Persarum,
2405 3224 2532 3279 haec
2569 3224 2644 3280 ad
2673 3240 2774 3281 eos

555 3300 735 3355 verba
776 3298 951 3353 fecitz
996 3305 1037 3329 ‘⁸
1086 3298 1179 3353 Eo
1226 3298 1494 3353 redactus
1536 3316 1693 3363 sum,
1745 3318 1784 3353 ο
1825 3299 2038 3364 Persae,
2085 3308 2160 3357 ut
2219 3318 2344 3357 rem
2395 3302 2572 3358 vobis
2609 3320 2773 3369 eam,

553 3387 599 3435 .⁴‘
632 3394 809 3451 quam
855 3378 1129 3432 omnium
1178 3379 1437 3433 maxime
1479 3378 1795 3441 occultavi,
1843 3378 2088 3439 debeam
2127 3379 2372 3452 aperire.
2449 3382 2661 3442 Qumn
2713 3383 2775 3438 in

556 3464 595 3489 ‘⁴
631 3458 897 3531 AEgypto
912 3472 1124 3522 essem,
1144 3455 1261 3510 vidi
1276 3466 1632 3512 nocturnam
1650 3456 1960 3522 visionem,
1987 3474 2166 3530 quam
2185 3458 2416 3515 utinam
2441 3476 2773 3535 numquam

556 3543 597 3567 “
632 3535 947 3591 vidissem!
994 3534 1203 3589 Visum
1246 3544 1371 3590 erat
1412 3536 1580 3599 mihi,
1615 3537 1952 3593 venientem
2005 3536 2182 3594 domo
2225 3538 2506 3594 nuncium
2552 3556 2776 3595 renun-

556 3621 601 3645 “
634 3615 807 3678 cim-e,
852 3613 1144 3678 Smerdin‚
1174 3614 1337 3687 regio
1365 3614 1423 3669 in
1466 3612 1616 3669 solio
1643 3614 1968 3679 sedentem,
2013 3615 2204 3688 capite
2236 3616 2450 3673 eoeium
2485 3618 2776 3693 tetigisse.

556 3700 597 3725 “
626 3691 831 3767 Itaque
850 3692 1091 3756 veritus,
1122 3710 1195 3747 ne
1213 3689 1526 3765 imperium
1553 3689 1698 3748 mihi
1723 3692 1954 3749 afr-atre
1981 3704 2300 3766 raperetur,
2321 3706 2773 3768 properantium

554 3778 599 3805 “
634 3772 747 3828 feci
790 3788 967 3844 quam
1009 3767 1425 3843 prudentiora:
1487 3788 1594 3827 nec
1629 3771 1794 3827 enim
1841 3779 2064 3841 naturae
2107 3773 2360 3829 bominis
2407 3776 2619 3831 (latum
2657 3784 2772 3841 est,

554 3857 600 3882 “
628 3858 890 3907 avertere
918 3850 975 3905 id
1000 3850 1155 3922 quod
1188 3851 1263 3904 sit
1288 3857 1641 3905 eventurum
1667 3873 1679 3906 ε
1731 3841 1846 3925 egb
1871 3866 2012 3905 vero
2037 3851 2240 3907 fatuus
2269 3851 2602 3925 Prexaspen
2621 3854 2776 3911 Susa

554 3935 597 3961 “
627 3931 824 3993 mitta,
854 3930 957 4002 qui
996 3928 1263 3983 Smerdin
1302 3928 1628 3984 interficiat.
1707 3929 1846 3989 Quo
1889 3937 2060 3985 tanto
2084 3930 2346 3985 admisso
2372 3928 2656 4000 facinore,
2679 3950 2773 3989 se-

556 4010 601 4041 “
630 4026 804 4064 curus
847 4009 1031 4062 vitam
1076 4007 1197 4079 egi,
1242 4005 1409 4061 nulio
1450 4016 1624 4078 paeto
1667 4008 1934 4081 cogitans
1983 4008 2132 4073 fure,
2159 4017 2247 4075 ut,
2277 4009 2472 4073 occiso
2511 4011 2770 4076 Smerdi,

557 4092 598 4117 “
626 4086 1107 4159 alius-quisquam
1140 4085 1449 4141 hominum
1475 4085 1622 4162 ιηίὴὶ
1647 4086 1934 4161 insurgat.
2017 4087 2130 4143 Sed
2153 4086 2230 4143 ab
2257 4082 2384 4158 ejus
2411 4089 2572 4162 quod
2601 4089 2770 4146 futu·

555 4171 598 4201 ⁶¹
628 4178 761 4229 rum
788 4172 913 4223 erat
952 4164 1189 4223 notione
1214 4180 1453 4237 promus
1493 4164 1788 4231 aberrans,
1817 4172 2028 4239 praeoer
2041 4162 2144 4237 jus
2171 4182 2234 4223 et
2255 4166 2350 4223 fas
2390 4166 2638 4227 frarem
2663 4186 2768 4227 oc·-
