2925 4992
522 304 600 358 so
831 264 837 270 ’
1117 297 1616 377 usaongorl
1670 257 2032 356 Hisroa.
2072 296 2131 354 1.-

524 469 725 513 versus
766 455 971 514 Sardes
1007 456 1247 524 ducens,
1277 457 1382 514 ubi
1408 457 1667 530 Pactyan
1696 455 1815 512 no'n
1856 453 2115 532 amplius
2155 451 2431 528 Sardibus
2472 451 2733 530 invenit,

522 537 781 610 primum
809 534 1006 610 Lydos
1033 538 1230 610 coegit
1257 536 1392 608 Cyri
1419 535 1699 592 mandata
1723 535 1996 610 exsequi:
2040 529 2207 605 cujus
2233 531 2496 590 mandati
2522 549 2747 612 conse·,

523 621 706 690 quens
734 623 877 679 erat,
904 622 973 669 ut
999 632 1237 670 omnem
1260 615 1396 669 vitae
1423 615 1724 670 rationem»
1737 613 1891 688 Lydi
1916 621 2237 672 mutarent.
2288 611 2446 670 Dein
2474 609 2739 668 nuncios

524 697 752 767 Cymen
778 693 941 749 misit
963 692 1254 760 Mazares,
1279 693 1432 749 tradi
1454 693 1734 766 Pactyam
1765 693 2007 764 jubens.
2087 691 2476 770 Cymaeiyero
2502 697 2734 749 statue-

525 778 666 828 runt
692 788 758 826 ea
785 771 856 832 de
883 789 944 827 re
970 773 1042 828 ad
1066 772 1268 828 Deum
1293 772 1508 828 referre
1532 771 1631 846 qui
1658 772 1719 828 in
1746 771 2097 830 Branchidis
2124 769 2362 825 oracula
2388 769 2533 835 edit,
2558 785 2737 824 eum-

525 865 640 926 que
682 851 1004 906 consulere.
1084 849 1228 907 Erat
1272 851 1433 906 enim
1478 851 1562 906 ibi
1601 851 1907 907 oraculum
1946 851 2021 907 ab
2061 849 2315 923 antiquis
2362 847 2755 924 temporibus²

524 929 942 996 constitutum,
968 947 1089 1004 quo
1112 937 1172 986 et
1202 929 1377 985 lones
1413 946 1623 985 omnes
1652 936 1712 985 et
1738 929 1943 986 AEoles
1969 929 2061 985 uti
2098 931 2543 987 consueverant.
2622 923 2740 982 Est

523 1015 724 1065 autem
745 1008 911 1064 locus
940 1009 1039 1064 ille
1064 1009 1126 1065 in
1151 1007 1519 1064 Milesiorum
1548 1008 1793 1075 ditione,
1818 1023 1999 1083 supra
2020 998 2384 1063 Panormum
2414 1006 2677 1082 portum.

610 1089 744 1142 158.
781 1086 983 1143 Missis
1031 1087 1214 1163 igitur
1260 1087 1332 1142 ad
1379 1085 1740 1142 Branchidas
1779 1088 1990 1163 legatis
2042 1085 2278 1160 Cymaei
2310 1082 2737 1159 quaesiverunt,

527 1172 574 1198 “
603 1165 677 1222 de
707 1165 922 1240 Pactya
941 1167 1222 1240 quidnam
1249 1165 1535 1222 facientes
1560 1173 1799 1240 gratum
1822 1167 2078 1222 maxime
2098 1165 2427 1221 diis-essent
2449 1163 2741 1220 facturi?”

522 1242 605 1300 Et
629 1245 1448 1320 interrogantibus-respondit·
1463 1241 1789 1311 oraculum,
1820 1252 1862 1276 “
1883 1245 2164 1302 dederent
2181 1242 2461 1318 Paetyam
2478 1240 2741 1298 PersiS.”

525 1321 708 1384 Quod
737 1340 1084 1398 responsum
1107 1324 1214 1379 ubi
1241 1323 1314 1379 ad
1343 1341 1403 1378 se
1432 1323 1683 1380 relatum
1709 1323 1984 1381 audivere
2013 1319 2262 1398 Cymaei,
2290 1319 2515 1378 tradere
2556 1315 2738 1378 illum

523 1403 822 1476 pararunt.
903 1404 1103 1464 Quam
1131 1402 1192 1457 in
1231 1410 1458 1475 partem
1486 1419 1673 1477 quum
1712 1402 1961 1460 ferretur
2000 1401 2340 1469 multitudo,
2372 1397 2737 1456 Aristodieus

526 1479 859 1537 Heraclidae
890 1481 1064 1550 filius,
1094 1481 1374 1554 probatus
1400 1480 1492 1536 vir
1530 1481 1687 1536 inter
1710 1481 1888 1548 cives,
1915 1479 2173 1538 inhibuit
2214 1497 2314 1536 eos
2356 1497 2433 1535 ne
2471 1479 2530 1533 id
2571 1477 2738 1533 face-

525 1565 683 1625 rent,
713 1559 887 1616 fidem
917 1577 1038 1615 non
1065 1560 1351 1616 adhibens
1377 1559 1551 1615 effato
1577 1559 1819 1626 oraculi,
1842 1561 2302 1633 existimansque
2325 1575 2465 1614 vera
2490 1574 2610 1612 non
2643 1557 2738 1612 re÷

526 1639 730 1694 tulisse
771 1639 1150 1696 consultores.
1228 1638 1501 1713 Denique
1540 1638 1638 1694 alii
1685 1639 1880 1695 denuo
1920 1639 2243 1696 mittuntur
2280 1636 2487 1712 legati,
2516 1635 2620 1710 qui
2662 1634 2739 1692 de
2800 1699 2807 1706 ‚

525 1713 752 1791 Pactye'
769 1717 984 1774 it'erum
1011 1717 1436 1786 consultarent,
1463 1735 1714 1792 quorum
1744 1718 1805 1774 in
1832 1726 2073 1775 numero
2098 1715 2458 1774 Aristodicus
2485 1719 2627 1772 erat.
2748 1763 2755 1773 .

609 1801 742 1853 159.
789 1795 872 1851 Hi
898 1797 1005 1853 ubi
1031 1797 1102 1852 ad
1133 1797 1495 1854 Branchidas
1529 1805 1834 1863 venerunt,
1864 1815 2017 1854 unus
2042 1791 2421 1852 &comnibus
2448 1789 2739 1852 Arist-odi-

525 1893 628 1932 cus
660 1875 974 1931 'oraculum
1011 1875 1308 1931 consuluit
1346 1876 1845 1950 interrogavitque
1872 1873 1965 1932 his
1992 1873 2219 1931 verbis:
2266 1881 2309 1905 “
2337 1873 2391 1928 Ο
2419 1863 2552 1941 re'x,
2573 1871 2741 1928 venit

529 1961 570 1986 “
601 1954 674 2018 ad
717 1969 826 2007 nos
866 1955 1115 2032 supplex
1154 1951 1400 2030 Pactyas
1443 1952 1667 2026 LyduS,
1706 1961 1958 2010 mortem
1999 1947 2285 2028 effugiens
2321 1951 2680 2026 violentam,
2703 1969 2755 2016 a,

528 2039 571 2063 “
597 2032 787 2088 Persis
813 2031 927 2088 sibi
967 2029 1400 2088 imminentem.
1484 2033 1665 2090 Hunc
1692 2032 1779 2087 ilii
1810 2029 2595 2111 repetunt,.Cymaeos,illum
2624 2029 2757 2088 sibi.

529 2107 824 2166 “''tradere
843 2107 1140 2181 jubentes.
1200 2109 1329 2166 Nos
1351 2128 1512 2178 vern,
1538 2109 1849 2166 Persarum
1878 2120 2209 2169 metuentes
2240 2101 2585 2185 potentiam,
2613 2115 2759 2166 tra-.

529 2196 572 2220 “
599 2189 732 2245 dere
761 2189 931 2244 illum
959 2189 1151 2245 adhuc
1191 2207 1310 2245 non
1341 2189 1745 2256 sustinuimus,
1773 2187 2115 2264 priusquam
2145 2209 2179 2246 a
2204 2202 2263 2246 te
2284 2189 2512 2264 ⁵liquido
2540 2185 2761 2266 nobis„

529 2275 570 2300 “
601 2276 802 2323 utrum
830 2267 1019 2324 facere
1047 2268 1386 2336 debeamus,
1415 2267 1803 2324 declareturs’
1888 2269 2005 2324 Hic
2034 2277 2353 2345 postquam
2374 2268 2457 2324 ita
2482 2268 2760 2324 interro·.

526 2347 712 2422 gavit,
744 2364 943 2402 rursus
985 2347 1142 2403 idem
1183 2364 1527 2420 responsum
1568 2347 1711 2403 deus
1754 2345 1933 2414 dedit,
1966 2349 2181 2404 tradere
2211 2343 2429 2418 Jubens
2462 2347 2740 2419 Pactyam

530 2423 730 2482 Persis,
771 2421 1346 2482 'Tum-Aristodicus
1374 2427 1510 2494 hoc,
1538 2445 1574 2482 a
1600 2443 1662 2481 se
1692 2425 2183 2499 praemeditatum,
2210 2426 2473 2482 instituit
2500 2423 2694 2484 facere
2719 2448 2763 2482 z.

527 2505 680 2562 circa
726 2504 1016 2586 templum
1064 2504 1508 2574 circummeans,
1550 2522 1812 2578 passeres
1856 2502 2210 2562 disturbavit
2254 2503 2485 2579 aliaque
2532 2504 2739 2560 avium

527 2601 768 2658 genera,
799 2599 932 2655 quae
974 2585 1034 2638 in
1077 2583 1300 2656 templo
1338 2583 1793 2640 nidificaverant.
1870 2583 2035 2640 Dum
2077 2583 2176 2640 ille
2200 2581 2331 2640 'hoc
2374 2583 2538 2651 facit,
2564 2583 2763 2638 aiunt.

524 2679 602 2717 ex.
626 2661 802 2734 adyto
839 2661 1118 2734 prodiisse
1145 2674 1374 2728 vocem,
1405 2663 1479 2717 ad
1504 2661 1899 2718 Aristodicum
1924 2663 2226 2730 directam,
2249 2663 2374 2718 haec
2398 2661 2699 2718 dicentem
2721 2684 2757 2718 ε.

530 2745 586 2771 ‘0
600 2739 1015 2795 Scelestissime
1039 2741 1402 2806 mortalium,
1429 2741 1571 2814 quid
1600 2749 1687 2796 est
1713 2741 1865 2814 quod
1896 2741 1992 2797 hic
2022 2741 2212 2798 facere
2238 2741 2456 2797 audes?
2500 2737 2739 2814 Suppli-

530 2826 576 2851 “
605 2837 700 2874 ces
731 2827 891 2874 meos
916 2835 988 2873 ex
1027 2837 1160 2874 meo
1190 2819 1412 2894 templo
1453 2821 1666 2876 evertis
1688 2817 1743 2874 !-'’
1788 2819 1867 2876 Et
1890 2817 2269 2886 AristodicuS,
2302 2815 2387 2875 nil
2430 2818 2735 2886 dubitans,

526 2897 892 2972 respondisse
933 2897 1006 2954 ad
1050 2897 1174 2953 haec
1217 2897 1404 2955 fertur
1433 2906 1469 2952 :s
1496 2905 1539 2930 “
1570 2897 1624 2952 Ο
1666 2893 1819 2966 Rex,
1846 2905 1915 2954 tu
1959 2899 2094 2956 tuos
2140 2899 2435 2972 supplices
2482 2899 2607 2972 ipse
2653 2894 2743 2960 ita

528 2983 569 3007 “
596 2976 776 3031 tueris
799 2993 814 3029 ε
861 2977 1130 3050 Cymaeos
1155 2991 1293 3031 vero
1310 2972 1492 3047 jubes
1520 2977 1744 3034 tradere
1768 2979 2095 3050 supplicem
2118 2977 2174 3032 !’'
2221 2977 2331 3034 Cui
2362 2995 2562 3034 rursus
2590 2977 2763 3035 deus.

526 3056 810 3130 regessit:
856 3061 898 3086 ‘·‘
929 3054 1123 3111 Immo
1147 3050 1353 3125 juben,
1384 3074 1503 3130 quo
1530 3073 1633 3112 vos
1673 3055 1841 3130 impii
1868 3073 2048 3129 ocyus
2088 3057 2375 3130 pereatis3
2426 3057 2739 3114 nedehinc

527 3141 570 3164 “
597 3134 668 3190 de
698 3133 1008 3206 prodendis
1034 3133 1395 3208 supplicibus
1425 3135 1650 3190 adeatis
1673 3134 2037 3192 oraculum.’'
2760 3187 2769 3196 ,

609 3215 742 3268 160.
786 3213 930 3268 Haec
956 3213 1138 3268 relata
1163 3211 1260 3268 ubi
1295 3213 1607 3267 audierunt
1636 3209 1880 3291 Cymaei,
1914 3231 2101 3288 quum
2136 3233 2242 3272 nec
2280 3213 2582 3289 prodendo
2622 3211 2768 3272 hu·-

525 3291 753 3348 minem
778 3290 995 3346 vellent
1025 3292 1133 3363 ipsi
1161 3292 1368 3366 perire,
1400 3308 1506 3346 nec
1532 3291 1686 3368 apud
1716 3308 1777 3346 se
1802 3293 2087 3349 servando
2113 3291 2464 3368 oppugnari,
2488 3287 2737 3368 Mytile-

526 3379 640 3425 nen
666 3388 802 3425 eum
830 3369 1168 3426 emiserunt.
1246 3369 1572 3443 Mytilenaei
1599 3387 1757 3436 vero,
1784 3388 1973 3443 quum
1995 3372 2189 3430 missis
2216 3368 2439 3428 nunciis
2452 3372 2738 3436 ⁷Mazares

526 3466 664 3504 eum
707 3447 1050 3520 repetiisset,
1076 3449 1262 3521 parati
1304 3456 1470 3502 erant
1510 3467 1647 3506 eum
1690 3450 1934 3517 tradere,
1968 3453 2125 3524 pacti
2164 3449 2494 3508 mercedem
2534 3453 2741 3508 nescio

525 3540 704 3600 quam
733 3552 748 3597 ;
796 3538 900 3582 nec
926 3526 1085 3581 enim
1115 3527 1226 3582 hoc
1268 3527 1571 3600 perspicue
1612 3527 1897 3585 traditum
1922 3538 2031 3595 est,
2059 3547 2170 3588 nec
2203 3549 2291 3587 res
2319 3528 2594 3587 effectum
2623 3531 2740 3592 ha·
2766 3583 2771 3590 .

526 3605 654 3664 buit
674 3617 708 3658 :2
733 3621 866 3660 nam
895 3607 1140 3679 Cymaei,
1170 3613 1238 3660 ut
1265 3605 1677 3662 intellexerunt
1703 3605 1761 3663 id
1790 3625 1965 3682 agere
1991 3593 2560 3683 Mytileniaeos,5navi
2586 3607 2737 3666 Les‘-

523 3684 672 3741 bum
699 3683 900 3749 missa,
929 3684 986 3738 in
1020 3685 1236 3739 Chium
1265 3683 1543 3760 Pactyam
1580 3694 2061 3758 transportatum.
2142 3687 2292 3745 Inde
2320 3704 2485 3755 vere,
2509 3705 2583 3744 ex
2608 3679 2735 3745 Mi—

527 3773 721 3818 nerva!
762 3762 984 3835 templo
1027 3762 1190 3818 urbis·
1229 3762 1493 3818 Praesidis
1524 3772 1833 3828 ,extractus
1872 3783 1909 3820 a
1942 3763 2128 3835 Chiis,
2157 3775 2215 3824 et
2254 3765 2443 3823 Persis
2484 3766 2736 3824 traditus

526 3849 654 3897 est:
703 3839 1061 3897 tradiderunt
1089 3859 1225 3897 eum
1268 3852 1469 3898 autem
1499 3843 1653 3910 Chii,
1682 3841 2013 3913 mercedem
2052 3843 2209 3919 pacti
2236 3847 2597 3916 Atarneum3
2643 3856 2739 3908 est

526 3926 726 3974 autem
763 3920 1100 3981 Atarnensis
1138 3919 1235 3974 hic
1275 3937 1414 3996 ager
1453 3922 1515 3976 in
1553 3921 1767 3996 Mysia,
1794 3940 1869 3978 ex
1907 3921 2152 3980 adverso
2188 3923 2390 3982 Lesbi.
2472 3924 2737 4000 Pactyan

527 3998 712 4082 igitur
734 3997 846 4054 sibi
885 3999 1149 4055 deditum
1173 3997 1366 4056 Persae
1407 4001 1470 4056 in
1500 3998 1768 4058 custodia
1804 3999 2163 4069 habuerunt,
2196 4003 2335 4078 Cyri
2376 4004 2436 4060 in
2476 3993 2733 4078 conspe·

527 4087 691 4136 etum
722 4077 988 4134 volentes
1017 4096 1152 4134 eum
1193 4078 1531 4152 producere.
1612 4078 1841 4152 Exinde
1872 4097 2009 4136 vero
2036 4083 2297 4138 multum
2324 4081 2732 4142 effluxittem-
2758 4131 2769 4136 -

525 4155 704 4230 posiS,
731 4173 851 4230 quo
892 4165 1070 4216 nemo
1104 4155 1408 4219 Chiorum-
1427 4158 1715 4216 mola-eie
1741 4151 1961 4216 bonleo
2000 4161 2346 4221 Atarnensis
2394 4161 2554 4218 illius
2596 4159 2731 4239 agri
