2925 4992
554 276 671 365 ιἐι
1118 304 1618 365 ιιιιιιοιιοίι
1683 280 2052 367 als-‘roas
2110 304 2216 363 1v.

632 466 733 519 38.
772 460 983 539 Ιιοιιςο
1026 482 1167 521 vero
1212 464 1473 539 plurima
1511 464 1720 521 tle-his
1760 462 1920 521 Delii
1955 464 2246 535 ‘narrantg
2297 460 2580 531 dicentes,
2609 453 2803 523 seero'

558 542 808 599 :tramitti
837 545 1049 599 triticeo
1072 545 1319 619 illigato,
1364 560 1431 599 ex
1469 544 1834 616 Hyperboreis
1871 545 2076 610 delata,
2105 546 2310 600 venire
2351 544 2426 599 ad
2473 545 2773 618 Scythae,
2759 570 2772 583 ·

552 640 591 679 a
618 619 849 695 Scythis
876 640 1015 678 vero
1040 624 1301 695 accipere
1338 640 1409 677 ea
1444 622 1738 695 populum
1767 638 2062 696 quemque
2089 624 2364 695 deinceps
2401 622 2776 679 habitantem

550 716 757 757 versus
800 701 1193 767 occidentem,
1242 718 1427 775 usque
1469 701 1546 757 ad
1587 701 1950 757 Adriaticum
1993 703 2228 757 sinum·
2273 700 2414 757 inde
2457 702 2772 759 meridiem

550 795 753 835 versus
792 774 973 845 mitti,
1000 789 1061 837 et
1101 780 1323 853 primos
1364 798 1439 837 ex
1473 780 1696 835 Graecis
1723 779 2060 837 Dodonaeos
2099 798 2170 837 ea
2211 780 2505 852 accipere3
2553 781 2632 835 ab
2674 779 2772 836 his

550 856 897 919 descendere
918 858 991 913 ad
1020 858 1215 915 sinum
1244 859 1594 924 Maliacum,
1625 867 1684 913 et
1725 859 1789 913 in
1833 858 2124 915 Euboeam
2155 860 2425 923 transire,
2451 859 2654 931 ibique
2697 860 2775 915 de

550 936 785 994 civitate
812 936 883 991 ad
910 938 1211 993 civitatem
1246 938 1401 995 mitti
1424 954 1616 1010 usque
1641 938 1954 1007 Carystum
1978 962 1993 1007 3
2039 937 2176 992 inde
2215 938 2496 1010 denique,
2523 946 2774 1011 prseter-

550 1015 735 1071 missa
770 1015 969 1071 Andro
1014 1016 1227 1082 insula,
1256 1016 1331 1073 ab
1370 1016 1512 1088 ipsis
1549 1013 1830 1088 Carystiis
1873 1016 2090 1073 Delum
2139 1014 2367 1071 deferri.
2447 1016 2538 1073 Eo
2573 1018 2772 1073 modo

548 1092 773 1149 Delum
824 1096 1129 1165 pervenire
1176 1112 1341 1153 sacra
1384 1095 1502 1151 ista
1539 1094 1762 1152 dieunt.
1841 1095 2044 1149 Primo
2093 1105 2292 1151 autem
2343 1094 2773 1169 Hyperboreos

550 1172 721 1229 aiunt
764 1170 913 1227 duas
956 1174 1183 1229 misisse
1232 1174 1496 1249 virgines
1543 1190 1706 1228 saera
1753 1173 1879 1229 haec
1929 1173 2204 1236 ferentes,
2239 1188 2490 1245 quarum
2539 1192 2768 1237 nomen

548 1250 713 1309 Delii
760 1250 929 1310 aiunt
972 1252 1155 1309 fuisse
1180 1252 1576 1327 Hyperochen
1599 1260 1662 1305 et
1683 1250 2016 1309 Laodicen·
2001 1289 2018 1320 ,
2057 1251 2354 1324 simulque
2383 1269 2522 1307 cum
2553 1252 2646 1309 his
2676 1262 2771 1309 tu-

549 1329 685 1385 telae
706 1346 915 1385 caussa
954 1327 1199 1388 comites
1242 1332 1472 1389 misisse
1508 1326 1778 1403 quinque
1815 1332 1969 1389 viros
2010 1330 2086 1385 de
2127 1330 2270 1395 suis,
2301 1330 2408 1385 hos
2455 1328 2558 1404 qui
2609 1350 2772 1389 nunc

548 1406 905 1482 Perpherees
930 1419 1254 1467 vocantur·
1298 1410 1400 1483 qui
1426 1426 1692 1465 summos
1741 1409 1878 1465 Deli
1919 1409 2168 1465 honores
2191 1409 2478 1465 obtinent.
2559 1411 2772 1471 Quum

548 1504 691 1543 vero
720 1486 778 1543 hi
804 1489 881 1543 ab
924 1488 1041 1543 illis
1085 1485 1251 1545 missi
1292 1506 1413 1545 non
1454 1496 1882 1543 reverterentur
1903 1487 1974 1543 ad
2005 1504 2168 1555 euos,
2201 1488 2462 1563 graviter
2503 1488 2770 1545 ferentes

548 1565 988 1641 Hyperboreos,
1016 1569 1381 1640 semper-sibi
1420 1567 1682 1623 accidere
1727 1575 1796 1623 ut
1839 1583 1964 1623 non
2010 1567 2336 1639 reciperent
2373 1582 2520 1639 quos
2569 1568 2768 1625 misis-

548 1656 723 1717 sent5
768 1662 839 1715 ea
866 1664 1073 1701 caussa
1098 1664 1260 1701 sacra
1284 1647 1387 1703 illa
1410 1642 1638 1703 triticeo
1657 1645 1928 1702 sti-amini
1968 1642 2200 1719 illigata
2228 1662 2344 1701 non
2371 1646 2484 1701 nisi
2515 1646 2592 1702 ad
2621 1647 2769 1705 fines

548 1740 687 1781 suos
714 1721 1037 1797 pertulisse,
1064 1725 1443 1799 finitimisque
1462 1724 1794 1790 mandasse,
1817 1734 1886 1779 ut
1911 1740 2016 1777 sua
2039 1741 2072 1779 e
2099 1732 2254 1779 ter-ra
2273 1724 2346 1779 ad
2367 1724 2556 1780 alium
2577 1739 2770 1799 popu-

548 1804 675 1859 lum
706 1820 777 1859 ea
820 1804 1153 1860 deferrent:
1192 1814 1377 1877 'atque
1428 1806 1510 1859 ita
1559 1804 1682 1857 haec
1727 1802 2018 1876 gradatim
2067 1802 2270 1868 missa,
2300 1803 2484 1867 aiunt,
2537 1803 2770 1861 Delum

550 1880 902 1955 pervenisse.
982 1882 1141 1939 Novi
1184 1892 1383 1941 autem
1424 1882 1698 1954 equidem
1727 1880 1918 1939 simile
1957 1880 2252 1953 quoddam
2278 1880 2654 1939 hisce-saeris
2677 1900 2770 1939 sa-

546 1978 715 2017 crum
744 1962 945 2034 peragi
972 1979 1009 2015 a
1029 1961 1295 2019 Thraciis
1318 1961 1716 2034 Paeonicisque
1755 1960 2136 2015 mulieribus:
2179 1960 2272 2015 hae
2309 1962 2496 2026 enim,
2520 1963 2768 2033 quando

509 2036 513 2045 ⁴
550 2039 759 2095 Deam
788 2040 1015 2112 Regem
1060 2041 1215 2100 diem
1262 2040 1482 2097 festum
1529 2039 1846 2103 celebrant,
1877 2056 2000 2093 non
2041 2039 2171 2093 sine
2208 2038 2436 2095 triticeo
2479 2042 2768 2097 stramine

458 2135 469 2147 ·
547 2134 713 2175 sacra
738 2119 981 2174 faciunt.
1066 2119 1197 2175 Hoc
1222 2120 1457 2177 illarum
1487 2118 1628 2171 novi
1655 2117 1927 2190 equidem
1953 2117 2314 2173 institutum.

626 2199 723 2251 34.
770 2197 842 2253 In
893 2197 1179 2253 honorem
1234 2204 1442 2253 autem
1487 2195 1696 2253 harma
1747 2198 2020 2267 virginum
2072 2196 2578 2267 Hyperbmmum,
2637 2214 2768 2270 quae

546 2274 691 2333 Deli
716 2286 965 2333 mortuae
988 2276 1287 2343 dicuntur,
1316 2284 1500 2349 caput
1521 2274 1772 2334 tondent
1795 2284 1856 2329 et
1884 2273 2098 2347 puellae
2121 2283 2182 2331 et
2209 2276 2371 2347 pueri
2399 2274 2760 2334 Delictum·
2741 2318 2760 2347 ,

546 2362 607 2411 et
633 2354 751 2411 illae
776 2355 1012 2447 quidem
1044 2364 1180 2414 ante
1205 2356 1441 2429 nuptias
1464 2354 1775 2428 praecisum
1797 2350 2155 2418 cincinnum,
2171 2362 2240 2409 -et
2267 2352 2402 2415 fuso
2423 2354 2762 2415 circumvo-

545 2435 760 2499 lutum,
788 2436 851 2491 in
877 2452 1082 2491 earum
1125 2436 1395 2507 sepulcro
1434 2434 1774 2505 deponunt:
1825 2434 1942 2506 (est
1987 2440 2186 2488 autem
2229 2432 2374 2487 illud
2417 2433 2766 2505 sepulcmm

546 2514 611 2580 in
638 2513 847 2569 Dianae
892 2514 1141 2585 templo,
1169 2514 1407 2569 intranti
1451 2514 1524 2567 ad
1575 2512 1912 2580 sinistram3
1959 2508 2020 2565 ia
2045 2528 2236 2583 eoque
2281 2520 2424 2567 nata
2471 2521 2566 2567 est
2603 2512 2768 2569 oliva.

546 2591 723 2653 arbor
749 2590 794 2661 :)
827 2592 995 2665 pueri
1022 2608 1161 2647 vero
1188 2591 1498 2649 Deliorum
1526 2589 1718 2645 herbis
1745 2589 2096 2662 quibusdam
2123 2589 2370 2661 capillos
2395 2574 2764 2649 circumvol-

545 2677 717 2734 vunt,
748 2680 809 2725 et
833 2670 941 2725 hos
970 2666 1183 2742 pariter
1202 2687 1379 2743 super
1408 2669 1682 2742 sepulcro
1705 2668 2026 2741 deponunt.
2109 2667 2288 2723 Hunc
2325 2668 2620 2727 honorem
2644 2670 2768 2729 511ae

550 2768 587 2811 a
616 2748 751 2804 Deli
778 2748 987 2804 incolis
1014 2760 1466 2822 consequuntur.

622 2832 722 2885 35.
764 2826 1021 2883 Narrant
1047 2837 1245 2885 autem
1272 2828 1474 2893 iidem,
1493 2828 1703 2901 Argen-
1719 2843 1956 2900 quoque
1977 2836 2154 2900 atque
2183 2827 2342 2901 Opia
2368 2827 2766 2901 virginemex

546 2903 947 2981 Hyperboreis
976 2907 1181 2961 itinere
1207 2924 1311 2979 per
1336 2907 1574 2963 eosdem
1597 2906 1845 2979 populos
1883 2906 2060 2972 facto,
2087 2906 2308 2963 Delum
2337 2907 2570 2963 venisse
2601 2909 2764 2981 prius

544 2986 725 3043 etiam
752 3002 929 3058 quam
960 2986 1352 3060 Hyperoehen
1378 2992 1439 3041 et
1464 2984 1800 3041 Laodicen.
1845 2994 1906 3039 et
1955 2986 2008 3039 h·
1997 3002 2060 3039 ιε
2099 2985 2334 3058 quidem
2375 2986 2630 3041 venisse
2653 2988 2764 3043 tri-

545 3064 677 3121 buti
706 3065 935 3121 ferendi
960 3082 1185 3130 caussa,
1214 3064 1367 3137 quod
1412 3064 1660 3120 Lucinae
1689 3081 1794 3137 pro
1821 3072 2120 3119 maturato
2167 3071 2342 3136 partu
2389 3071 2582 3136 pactae
2607 3062 2764 3121 fais·-

543 3152 719 3214 sent3
749 3144 945 3217 Argia
978 3160 1115 3199 vero
1138 3152 1199 3199 et
1226 3144 1386 3217 Opin
1414 3143 1588 3199 simul
1629 3160 1766 3199 cum
1811 3142 1944 3197 Diis
1975 3142 2148 3199 aiunt
2187 3142 2516 3209 advenisse,
2551 3144 2766 3217 hisque

546 3222 693 3279 alios
725 3224 975 3277 honores
998 3241 1033 3277 a
1062 3238 1123 3277 se
1148 3239 1275 3277 esse
1301 3222 1592 3291 tributo55
1641 3221 1728 3277 luis
1767 3221 1924 3277 enim
1961 3222 2176 3294 stipem
2203 3232 2524 3295 corrogare·
2539 3224 2762 3280 mulie-

467 3295 473 3301 “
542 3318 660 3365 ree,
706 3301 949 3357 nomina
994 3317 1197 3355 earum
1249 3302 1598 3355 invocantes
1643 3301 1706 3357 in
1745 3300 1971 3373 hymno
2021 3316 2118 3365 e0,
2173 3316 2348 3373 quem
2393 3298 2534 3372 ipsis
2583 3301 2759 3367 Olen,

541 3380 635 3437 vir
662 3378 901 3454 Lyciae,
928 3379 1297 3451 composuit3
1344 3388 1405 3433 et
1430 3397 1465 3433 a
1507 3395 1570 3433 se
1611 3378 1850 3435 edoctos
1893 3378 2210 3435 Insulanos
2255 3378 2434 3435 etiam
2475 3376 2760 3437 et-Ionas

544 3458 703 3532 Opin
734 3465 795 3513 et
822 3458 1019 3531 Argen
1068 3458 1326 3514 carmine
1358 3458 1674 3522 celebrare,
1705 3474 1926 3513 nomen
1971 3457 2206 3513 illarum
2253 3458 2620 3527 invocantes,
2645 3461 2762 3515 sti·-

539 3548 798 3611 pemque
820 3537 1064 3593 -eisdem
1116 3544 1529 3611 coi-rogantes:
1581 3536 1766 3609 (idem
1800 3552 1940 3591 vero
1993 3536 2176 3602 Olea,
2219 3552 2251 3591 e
2293 3534 2480 3609 Lycia
2527 3535 2758 3599 Delum

541 3616 804 3684 venienS,
836 3616 949 3671 alia
969 3616 1147 3671 etiam
1174 3616 1363 3689 prisca
1388 3612 1656 3671 cat-mina
1701 3614 1980 3680 confecit,
1999 3632 2142 3688 quse
2185 3613 2322 3671 Deli
2367 3623 2678 3672 canuntur
2700 3618 2752 3687 τ)

542 3702 603 3751 et
630 3696 851 3751 cineres
894 3712 967 3749 ex
1010 3694 1361 3751 femoribus
1386 3696 1447 3749 in
1493 3712 1594 3749 ara
1633 3690 1920 3749 crematis
1947 3710 2158 3749 omnes
2201 3692 2472 3764 sepulcro
2499 3694 2656 3767 Opis
2697 3704 2758 3749 et

540 3774 767 3847 Arges
752 3769 935 3843 mjici.
1014 3773 1123 3829 Est
1150 3782 1347 3829 autem
1389 3773 1624 3829 illarum
1664 3772 2004 3845 sepulcrum
2031 3780 2183 3845 post
2191 3770 2420 3827 Dianae
2429 3772 2750 3846 tempium,

542 3852 833 3920 orientem
863 3868 1083 3918 versus,
1112 3852 1375 3924 proxime
1400 3852 1768 3908 coenaculum
1795 3851 2069 3907 Ceos-um.
2343 3872 2350 3883 ·

626 3934 719 3987 36.
758 3932 952 4004 Atque
992 3930 1119 3985 haee
1164 3931 1403 4004 quidem
1450 3930 1526 3986 de
1569 3929 1964 4004 Hyperboreis
2009 3928 2190 3985 dieta
2209 3938 2409 3985 sunto.
2490 3928 2656 3987 Nam
2680 3930 2754 3985 de

540 4004 793 4067 Abaride
838 4009 1127 4074 fabulam,
1155 4009 1261 4083 qui
1303 4008 1722 4084 Hyperboreas
1771 4007 1954 4062 fuisse
1999 4006 2374 4080 perhibetur,
2391 4012 2599 4079 tseeo5
2647 4025 2754 4065 nec

542 4104 809 4147 memoro
836 4106 955 4163 quo
980 4094 1153 4162 pacto
1182 4089 1341 4143 hune
1372 4088 1594 4161 sagitta
1615 4104 1721 4159 per
1739 4086 2084 4143 universam
2105 4095 2322 4143 terram
2343 4086 2752 4145 dtmmvexe-

542 4168 639 4236 rit,
671 4164 819 4231 nihil
844 4167 959 4223 cibi
984 4168 1334 4255 eapientem.
1412 4166 1590 4230 Quod
1639 4166 1690 4229 si
1735 4182 1876 4221 vero
1911 4173 2064 4222 sunt
2103 4160 2471 4239 Hyperborei
2513 4166 2753 4237 quidam
