2925 4992
547 305 622 358 14
1118 292 1621 362 HERODO'rl
1686 291 2055 358 HISTOR.
2122 299 2172 358 1.

539 462 874 516 tentaturus
897 454 1137 512 oracula
1155 451 1294 530 quid
1321 463 1627 528 saperent,
1674 463 1766 524 ut,
1788 457 1849 514 si
1868 457 1971 514 illa
1993 455 2301 532 reperisset
2322 470 2527 516 verum
2556 477 2762 530 nosse,

540 545 674 592 tum
699 535 912 592 iterum
937 534 1198 590 mitteret
1223 533 1326 608 qui
1353 551 1428 588 ex
1453 534 1572 592 illis
1606 543 1952 610 quaererent,
1979 550 2054 592 an
2078 536 2469 610 expeditionem
2494 540 2759 600 adversas

545 616 750 674 Persas
772 614 982 669 deberet
1005 615 1295 685 suscipere.

620 697 718 756 47.
756 691 845 748 Ad
871 692 1148 749 tentanda
1165 691 1354 767 igitur
1375 690 1617 748 oracula
1640 691 1807 750 hisce
1824 708 1963 750 cum
1988 691 2285 756 mandatis
2306 693 2507 771 Lydos
2526 698 2747 767 emisit,

539 779 610 830 ut
651 771 725 828 ab
768 788 840 828 eo
881 769 1002 837 die,
1045 787 1164 844 quo
1205 768 1483 826 Sardibus
1525 778 1725 828 essent
1764 769 2031 844 profecti,
2060 780 2297 830 centum
2324 787 2757 852 consequentes

542 857 918 908 numerarent
955 849 1100 915 dies,
1129 854 1189 904 et
1215 848 1533 906 centesimo
1573 849 1667 906 die
1704 850 1942 906 oracula
1966 849 2219 917 adirent,
2254 869 2329 908 ex
2362 855 2563 930 eisque
2590 873 2759 930 quoe-

541 929 920 1000 terent,‘quid
957 934 1114 993 esset,
1145 927 1287 1000 quod
1327 926 1424 982 illo
1463 928 1565 983 die.
1592 935 1781 1000 ageret
1821 945 1915 983 rex
1941 927 2223 1002 Lydorum
2250 931 2482 999 Croesus,
2508 934 2761 1007 Alyattoe

521 1009 685 1088 filius
699 1032 720 1074 ,-
755 1015 818 1063 et
859 1005 1140 1080 quidquid
1185 1023 1222 1061 a
1265 1021 1497 1079 quoque
1538 1007 1777 1064 oraculo
1819 1025 2165 1080 responsum
2192 1004 2421 1078 fuisset,
2448 1009 2505 1068 id
2534 1011 2760 1086 scripto

491 1086 498 1090 ’
539 1086 910 1152 mandarent,
965 1086 1039 1146 ad
1089 1101 1267 1157 seque
1319 1083 1636 1141 deferrent.
1714 1085 1877 1151 Jam,
1928 1086 2069 1159 quid
2112 1087 2295 1146 fuerit
2338 1091 2494 1162 quod
2544 1099 2763 1149 caetera

540 1165 954 1239 responderint
994 1164 1250 1229 oracula,
1302 1180 1339 1218 a
1379 1163 1613 1219 nemine
1648 1165 1953 1221 memoriae
1991 1166 2291 1239 proditum
2333 1175 2460 1226 esta
2502 1168 2759 1244 Delphis

543 1253 768 1310 autem,
791 1242 969 1300 simul
995 1250 1170 1316 atque
1188 1239 1364 1314 Lydi,
1389 1240 1591 1296 Deum
1608 1242 1963 1309 consulturi,
1981 1245 2283 1317 penetrale
2309 1247 2514 1320 templi
2541 1247 2762 1306 intras-

539 1331 693 1390 sent,
721 1330 780 1378 et
804 1321 958 1396 quod
989 1317 1128 1394 ipsis
1151 1318 1494 1376 mandatum
1518 1328 1651 1376 erat
1666 1321 2149 1398 interrogassent,
2170 1323 2387 1400 Pythia
2406 1327 2761 1394 hexametro

543 1409 746 1460 tenore
775 1401 900 1458 haec
926 1398 1262 1474 respondit:

863 1543 1088 1605 AEquoris
1112 1546 1186 1590 est
1207 1543 1413 1604 spatium
1435 1547 1485 1591 et
1508 1558 1731 1592 numerus
1754 1546 1869 1592 mihi
1896 1547 2039 1593 notus
2064 1561 2235 1608 arene,

867 1611 1060 1656 Mutum
1085 1609 1313 1670 percipio,
1338 1610 1484 1655 fantis
1508 1610 1628 1656 nihil
1652 1612 1793 1657 audio
1811 1623 1990 1658 vocem.

869 1675 1018 1722 Venit
1039 1676 1100 1721 ad
1121 1676 1208 1720 hos
1231 1689 1398 1720 sensns
1421 1675 1561 1721 nidor
1580 1677 1836 1723 testudinis
1860 1679 2007 1736 durae,

870 1741 996 1790 Qua
1017 1740 1160 1786 simul
1181 1741 1358 1800 agnina
1377 1740 1601 1800 coquitur
1620 1755 1733 1788 eum
1752 1754 1893 1788 carne
1912 1743 2089 1799 lebete,

869 1807 986 1856 AEre
1006 1797 1131 1852 infra
1153 1810 1322 1862 strato,
1345 1809 1395 1852 et
1418 1810 1624 1852 stratum
1646 1807 1723 1854 eui
1745 1808 1946 1868 desuper
1966 1822 2029 1854 ns
2052 1811 2141 1856 est.

618 1952 717 2008 48.
759 1949 894 2010 Ηοο
946 1949 1173 2026 Pythiae
1222 1965 1572 2023 responsum
1634 1968 1821 2026 quum
1871 1951 2093 2024 scripto
2142 1949 2520 2021 mandassent
2573 1951 2759 2030 Lydi,

541 2027 749 2088 Sardes
789 2038 926 2086 sunt
966 2029 1198 2085 reversi.
1278 2027 1598 2102 Postquam
1640 2047 1778 2086 vero
1818 2031 2013 2088 caeteri
2050 2046 2309 2104 quoque,
2350 2048 2497 2104 quos
2536 2031 2765 2092 circum

540 2112 784 2167 miserat
809 2110 1070 2173 croesus,
1101 2107 1318 2166 rediere
1345 2108 1631 2165 vaticinia
1654 2108 1930 2176 ferentes,
1968 2107 2209 2184 singula
2234 2109 2453 2183 scripta
2478 2112 2767 2170 evolvens

543 2190 780 2246 Croesus
821 2187 1090 2262 inspexit.
1169 2187 1252 2243 Ac
1293 2185 1507 2242 horum
1557 2187 1795 2264 quidem
1840 2188 2067 2246 nullum
2108 2187 2445 2244 advertebat
2472 2184 2599 2257 ejus
2626 2191 2767 2248 ani·

541 2284 735 2335 mum,
779 2275 990 2340 praeter
1035 2264 1096 2322 id
1145 2264 1304 2338 quod
1351 2263 1604 2340 Delphis
1638 2274 1773 2328 ,erat
1808 2267 2101 2343 adlatum:
2149 2266 2305 2339 quod
2348 2268 2525 2326 simul
2568 2276 2763 2343 ‘atque

541 2347 852 2422 cognovit,
883 2343 1150 2402 adoravit
1200 2343 1606 2426 probavitque,
1650 2361 1841 2402 unum
1885 2345 2236 2402 existimans
2277 2362 2401 2402 esse
2446 2347 2759 2406 oraculum

538 2425 688 2484 illud
712 2424 1089 2498 Delphicum,
1131 2422 1348 2496 quippe
1392 2423 1489 2480 cui
1528 2432 1901 2496 compertum
1927 2424 2157 2488 fuisset,
2186 2423 2324 2498 quid
2353 2425 2479 2498 ipse
2502 2425 2761 2486 fecisset.

428 2524 433 2530 ·
537 2501 860 2580 Postquam
883 2501 1041 2560 enim
1069 2501 1360 2558 emisisset
1377 2502 1647 2560 homines
1670 2503 1771 2582 qui
1788 2505 2027 2560 oracula
2044 2503 2437 2576 consulerent,
2466 2512 2761 2562 statutum

541 2583 702 2640 diem
729 2583 1068 2648 observans,
1096 2581 1214 2636 tale
1241 2580 1547 2654 quidpiam
1565 2582 1931 2640 machinatus
1960 2589 2103 2647 erat,
2125 2598 2197 2636 ea
2222 2589 2597 2654 commentus
2624 2602 2765 2659 quae

540 2678 724 2720 nemo
765 2676 1122 2736 cognoscere
1163 2653 1268 2714 au't
1312 2657 1589 2716 hariolari
1628 2667 1864 2734 posset:
1916 2659 2271 2716 testudinem
2315 2667 2375 2716 et
2424 2649 2655 2750 agnum
2697 2660 2763 2720 in

539 2741 732 2798 frusta
755 2739 1036 2805 concidit,
1065 2745 1140 2808 ,et
1175 2755 1298 2794 una
1335 2738 1496 2795 coxit
1537 2738 1665 2813 ipse
1710 2757 1873 2796 aeneo
1910 2735 1973 2798 in
2018 2737 2234 2806 lebete,
2280 2755 2447 2797 aeneo
2470 2741 2757 2814 'imposito

543 2819 846 2896 operculo.
1210 2869 1236 2880 ..

619 2901 717 2956 49.
757 2897 894 2955 Hoc
917 2892 1102 2973 igitur
1121 2895 1368 2974 Delphis
1397 2916 1745 2976 responsum
1766 2898 1995 2974 accepit
2014 2897 2285 2956 Croesusx
2314 2899 2457 2972 quid
2484 2891 2561 2957 sit
2591 2917 2759 2972 vero,

541 2978 697 3052 quod
738 2976 814 3033 ab
852 2976 1188 3051 Amphiarai
1231 2979 1469 3035 oraculo
1514 2979 1690 3055 Lydis
1732 2980 1913 3036 fuerit
1951 2995 2317 3052 responsum,
2343 2985 2665 3052 postquam
2689 2980 2758 3036 in

537 3057 705 3114 illius
729 3057 952 3130 templo
977 3055 1260 3132 legitimis
1281 3059 1634 3116 caerimoniis
1678 3065 1871 3115 essent
1912 3057 2231 3131 perfuncti,
2284 3075 2403 3114 non
2450 3057 2643 3114 habeo
2672 3057 2765 3114 di-

537 3152 707 3198 cere:
749 3152 856 3192 nec
882 3134 1043 3193 enim
1087 3135 1159 3192 de
1197 3136 1312 3192 hoc
1349 3137 1511 3200 aliud
1551 3138 1871 3211 quidquam
1911 3142 2292 3203 memoratur,
2318 3137 2430 3192 nisi
2458 3135 2615 3210 quod
2644 3137 2763 3194 hoc

537 3215 716 3272 etiam
745 3213 1050 3270 oraculum
1080 3214 1314 3270 Crtesus
1341 3233 1521 3272 verax
1545 3234 1606 3272 se
1634 3233 1760 3272 esse
1784 3221 2023 3272 nactum
2050 3215 2489 3272 existimaverit.

622 3296 720 3350 50.
761 3291 903 3348 Post
953 3293 1082 3348 h'aec
1133 3300 1330 3349 autem
1401 3288 1744 3370 ingentibus
1810 3291 2113 3350 sacrificiis
2163 3293 2523 3367 Delphicum
2577 3293 2763 3355 deum

536 3371 856 3448 propitium
883 3369 996 3428 sibi
1023 3369 1264 3428 reddere
1289 3372 1565 3430 instituit.
1644 3372 1859 3430 Lectas
1884 3372 2047 3428 enim
2074 3371 2347 3430 victimas
2374 3380 2463 3448 ter
2489 3370 2765 3430 millenas

539 3449 612 3507 de
659 3467 894 3524 quoque
941 3467 1155 3525 genere
1198 3450 1573 3522 immolavit3
1618 3460 1901 3526 praeterea
1950 3450 2201 3508 lectulos
2241 3468 2385 3509 auro
2435 3459 2765 3526 argentove

539 3529 852 3595 obductos,
904 3537 965 3586 et
1017 3527 1244 3602 phialas
1288 3547 1514 3597 aureas,
1557 3537 1618 3586 et
1658 3546 1979 3606 purpureas
2019 3539 2210 3586 vestoe
2237 3530 2609 3604 tunicasque,
2660 3530 2763 3586 in-

537 3608 711 3684 genti
734 3625 880 3683 pyra
902 3615 1218 3675 exstructa,
1245 3609 1667 3676 concremavit,
1710 3609 1870 3665 hisce
1910 3625 2145 3681 sperans
2186 3607 2383 3664 Deum
2422 3605 2617 3684 magis
2643 3609 2764 3666 sibi

535 3705 604 3743 se
657 3686 1138 3757 conciliaturum;
1183 3685 1483 3761 Lydisque
1526 3688 1755 3745 cunctis
1806 3687 2007 3752 edixit,
2048 3693 2118 3742 ut
2168 3685 2243 3742 de
2286 3703 2420 3751 suo,
2468 3687 2765 3764 quidquid

537 3765 786 3840 quisque
825 3764 1085 3832 haberet,
1125 3766 1317 3823 eidem
1359 3766 1472 3823 deo
1511 3766 1879 3823 sacrificaret.
1956 3761 2113 3821 Tum
2152 3766 2403 3838 peractis
2430 3765 2761 3834 sacrificiis,

535 3844 794 3902 conflata
833 3841 1124 3900 immensa
1161 3844 1221 3899 vi
1263 3836 1414 3910 auri',
1442 3845 1778 3902 dimidiatos
1814 3844 2027 3901 lateres
2066 3861 2141 3900 ex
2179 3861 2251 3900 eo
2290 3840 2769 3919 procudijussit,

535 3923 868 3997 palmarum
913 3940 1017 3980 sex
1052 3920 1118 3978 in
1160 3923 1625 3998 longitudinem,
1655 3920 1838 3980 trium
1878 3923 2209 3997 palmarum
2253 3923 2313 3980 in
2349 3921 2763 3990 latitudinem,

534 4001 800 4058 crassitie
837 4001 1110 4076 palmari,
1142 4018 1387 4058 numero
1429 4009 1673 4060 centum
1711 4010 1771 4059 et
1814 3999 2245 4075 septemdecim.
2330 4001 2567 4058 Horum
2607 4019 2763 4076 qua·-

537 4089 676 4135 tuor
713 4095 786 4135 ex
823 4081 1141 4154 purissimo
1180 4097 1326 4137 auro
1377 4089 1571 4148 erant,
1612 4080 1836 4158 singuli
1881 4080 2085 4154 pondo
2134 4081 2313 4136 unius
2360 4079 2573 4138 talenti
2616 4097 2765 4138 cum

535 4153 780 4246 dimidio
802 4181 821 4229 3
867 4159 1076 4244 reliqui
1103 4157 1458 4218 semilateres
1487 4178 1564 4217 ex
1588 4158 1788 4230 albido
1826 4177 1993 4228 auro,
2010 4159 2217 4236 ⁴pondo
2255 4157 2533 4270 binopum
2560 4158 2765 4234 talen-

2912 191 2915 312 Ι
