2925 4992
1077 326 1426 387 ERATO.
1554 360 1561 367 ·
2244 337 2358 392 291

193 482 304 537 bene
338 484 556 538 meritus
578 480 783 557 faerit,
809 489 864 539 et
883 484 1114 557 posthac
1153 490 1318 543 etiam
1347 489 1471 544 bene
1512 493 1587 546 sir·
1626 492 1933 547 meriturus.
2018 490 2161 547 Haec
2200 502 2355 551 certe

187 558 540 617 Athenienses
559 578 692 618 vere
713 563 798 619 ita
819 565 1097 621 accidisse
1115 566 1394 639 persuasi,
1420 568 1657 635 deinde,
1684 586 1865 641 quum
1884 566 2011 638 jam
2035 588 2123 627 res
2146 588 2351 629 eorum

188 648 323 695 recte
360 638 603 697 fuissent
647 643 1009 714 compositae,
1037 646 1328 718 templum
1373 646 1516 701 Pani
1566 649 1723 703 infra
1764 664 1955 703 arcem
2000 658 2350 719 statuerunt,

186 732 412 790 eumque
438 719 576 774 inde
599 718 674 775 ab
695 720 800 776 ilio
826 721 1041 777 nuncio
1067 724 1278 779 annuis
1303 724 1599 781 sacrificiis
1626 735 1685 783 et
1710 726 1979 799 lampade
2004 728 2257 799 placant.

193 818 205 833 =
256 800 374 855 106„
409 798 582 853 Tunc
621 816 760 854 vero
799 800 1016 857 missus
1060 802 1136 857 ab
1173 802 1624 876 imperatoribus
1666 804 2039 878 Phidippides
2090 807 2203 872 hic,
2234 824 2353 881 quo

187 880 420 949 tempore
445 877 494 931 is
520 876 744 935 Panem
771 878 884 933 sibi
909 879 1247 953 adparuisse
1287 884 1566 950 narravit,
1590 883 1868 957 postridie
1912 878 2039 953 ejus
2080 884 2193 940 diei
2234 904 2354 959 quo

185 954 402 1010 Athenis
428 964 550 1010 erat
577 956 874 1028 profectus
915 958 1185 1031 Spartam
1227 961 1539 1032 pervenit3
1582 962 1687 1017 ubi
1722 962 1923 1017 adiens
1948 964 2351 1036 magistratus„

185 1030 760 1107 haecapudeosverba
775 1034 945 1091 fecit:
981 1036 1509 1095 “Lacedaemoniii
1548 1038 2001 1095 Petuntavobis
2020 1042 2342 1099 Athenien-

185 1114 222 1141 “
248 1128 348 1177 ses,
375 1121 440 1167 ut
483 1113 700 1169 auxilio
743 1114 860 1169 illis
908 1114 1156 1171 veniatis
1175 1141 1192 1186 3
1229 1132 1430 1191 neque
1468 1118 1797 1191 patiamini,
1842 1126 1911 1175 ut
1948 1120 2360 1195 antiquissima

185 1192 222 1219 “
245 1189 640 1247 inter-Graecos
665 1193 870 1248 civitas
905 1194 970 1248 in
1013 1195 1352 1252 ser-vitutem
1396 1195 1721 1271 abripiatur
1750 1214 1797 1252 a
1841 1196 2117 1254 barbaris.
2194 1198 2353 1261 Nam

181 1272 218 1297 “
238 1276 299 1321 et
322 1268 544 1325 Eretria
572 1286 732 1325 nune
775 1272 886 1327 sub
913 1268 1133 1347 jugum
1161 1282 1250 1328 est
1277 1274 1478 1341 missa,
1508 1283 1569 1330 et
1609 1274 1829 1350 insigni
1870 1276 2107 1333 civitate
2152 1278 2349 1334 immi-

181 1350 218 1377 “
243 1355 378 1403 nuta
403 1357 490 1404 est
515 1349 809 1407 Graecia.'’
887 1349 1036 1406 Haec
1063 1350 1167 1406 ubi
1207 1352 1324 1407 inis
1357 1370 1432 1408 ex
1457 1354 1732 1409 mandato
1776 1354 1947 1419 dixit,
1976 1354 2198 1426 placuit
2222 1358 2355 1431 qui·-

180 1422 294 1480 dem
337 1426 638 1499 ‘Spartanis
676 1426 912 1489 ,auxilia
951 1429 1194 1485 mittere
1243 1428 1730 1500 Atheniensibus;
1766 1432 1879 1487 -sed
1926 1432 1984 1487 id
2038 1434 2353 1495 confestim

175 1500 342 1561 facere
392 1508 506 1561 no‘n
551 1513 892 1578 potuerunt,
941 1523 1123 1581 quum
1172 1508 1400 1567 nollent
1447 1518 1651 1566 contra
1688 1511 1885 1585 legem
1934 1526 2128 1585 agere.
2210 1512 2357 1571 Erat

169 1581 312 1638 enim
339 1600 522 1640 nonus
569 1584 692 1641 dies
735 1586 989 1641 mensis:
1032 1602 1174 1641 nono
1213 1594 1395 1643 autem
1437 1589 1626 1653 (limet
1661 1592 1983 1662 priusquam
2029 1591 2193 1661 plena
2220 1600 2354 1649 esset

179 1658 312 1727 luna,
335 1680 390 1717 se
438 1680 546 1719 mm
587 1680 904 1737 egressuros,
950 1664 1198 1723 aiebant.
1270 1664 1668 1722 ”Novilunium
1710 1668 1903 1743 'igitur
1946 1667 2009 1724 hi
2050 1680 2349 1743 exspecta·

246 1822 363 1883 107.
403 1822 665 1898 Hippias,
719 1822 1009 1879 Pisistrati
1050 1823 1202 1889 zfilio,
1254 1825 1357 1898 qui
1419 1824 1681 1882 barbaris
1735 1826 1890 1881 viam
1956 1825 2015 1880 in
2076 1843 2355 1899 campum

167 1894 503 1958 Marathona
545 1903 796 1975 praeivit,
823 1902 1107 1977 superiori
1141 1914 1327 1959 ,nocte
1371 1920 1475 1976 per
1518 1921 1795 1959 somnum
1842 1904 1961 1958 tale
2004 1904 2191 1961 visum
2232 1917 2357 1963 erat

173 1974 432 2035 oblatum.
512 1980 692 2039 Visus
717 1980 828 2036 sibi
857 1990 980 2037 erat
1007 1998 1114 2037 sua
1139 1998 1274 2037 cum
1301 1991 1489 2038 matre
1512 1982 1901 2039 concumbere
1926 2004 1937 2038 :
1986 2000 2103 2055 quo
2142 2001 2215 2038 ex
2258 1984 2355 2039 in-

175 2058 382 2112 somnio
408 2058 748 2135 collegerat,
775 2059 1130 2117 Athenasse
1171 2077 1296 2116 esse
1323 2062 1671 2128 rediturum,
1704 2071 1761 2117 et
1802 2062 1863 2115 in
1906 2058 2095 2135 patria
2124 2070 2354 2135 recepto

173 2148 337 2207 regno
361 2152 564 2193 senem
590 2139 714 2193 vita
739 2154 1129 2195 excessurum.
1199 2139 1281 2195 ·1n
1310 2139 1466 2195 hunc
1510 2142 1751 2195 modurn
1783 2140 2353 2211 Hippi-aesomnium

173 2226 323 2269 suum
350 2224 472 2270 erat
499 2216 936 2291 interpretatus.
1013 2217 1569 2283 Tunc·vero,·ducis
1602 2218 1797 2273 officio
1826 2218 2107 2291 sosigene,
2139 2221 2353 2291 partim

171 2285 500 2349 Eretriensia
531 2295 827 2367 mancipia
869 2296 930 2350 in
977 2291 1316 2369 Styx-eorum
1341 2295 1557 2359 insula,
1584 2298 1685 2351 cui
1717 2295 1947 2368 AEgiiia
1985 2312 2219 2361 nomen,
2248 2296 2353 2352 de-

166 2371 380 2439 'posuit3
425 2373 641 2444 partim
687 2390 882 2439 naveS,
912 2390 1043 2446 quae
1083 2374 1157 2429 ad
1205 2372 1559 2429 Marathona
1598 2372 1963 2445 adpulerant,
1992 2375 2053 2428 in
2102 2371 2353 2441 statione

171 2444 385 2515 locavit,
411 2460 470 2507 et
498 2452 781 2508 barbaros
807 2452 864 2505 in
894 2460 1107 2507 terram
1131 2468 1393 2525 egressos
1422 2451 1734 2509 ordinavit.
1798 2450 1967 2510 Quae
1994 2451 2135 2507 dum
2166 2453 2353 2509 admi-

161 2520 380 2595 nistrat,
407 2529 623 2587 accidit
647 2531 703 2587 ei
727 2540 796 2587 ut
826 2530 1248 2601 vehementius,
1277 2548 1453 2603 quam
1492 2530 1707 2585 solitus
1736 2536 1881 2594 erat,
1910 2537 1971 2583 et
1998 2538 2353 2587 ster-nutaret

171 2610 222 2656 et
243 2607 484 2664 tussiret.
569 2608 1128 2681 Quumqueeidem,
1153 2606 1374 2681 quippe
1401 2616 1573 2664 aetate
1591 2609 1716 2679 jam
1750 2608 2121 2681 provectiori,
2152 2610 2347 2681 plures

95 2740 112 2759 .
169 2679 410 2741 labarent
435 2688 664 2753 dentes,
694 2688 902 2743 harum
929 2686 1189 2742 dentium
1213 2704 1421 2753 unam,
1451 2686 1595 2746 dum
1635 2688 1831 2756 tussit,
1862 2699 2100 2759 propter
2123 2689 2353 2745 violen—

169 2762 296 2818 tiam
341 2760 537 2835 ejecit.
616 2766 770 2827 Quae
791 2782 982 2839 quum
1029 2766 1092 2820 in
1129 2780 1368 2821 arenam
1407 2766 1728 2831 cecidisset,
1757 2782 2044 2839 magnum
2088 2766 2357 2824 adhibuit

169 2840 407 2897 studium
435 2853 506 2900 ut
533 2862 661 2900 eam
707 2844 1018 2917 reperiret}
1061 2851 1371 2917 postquam
1413 2862 1553 2899 vero
1595 2862 1882 2917 nusquam
1928 2844 2071 2897 dens
2114 2862 2354 2919 compa-

169 2917 290 2986 ruit,
317 2920 472 2993 edito
500 2924 734 2997 gemitu
783 2923 868 2978 ait
911 2922 1314 2977 adstantibus:
1376 2930 1414 2954 ‘⁶
1442 2922 1627 2977 Terra
1669 2924 1793 2979 haec
1835 2938 1955 2978 non
2005 2932 2095 2977 est
2134 2933 2355 2991 nostra,

169 3002 203 3027 “
230 3014 409 3071 neque
453 3014 590 3057 eam
633 3002 956 3076 poterimus
997 3001 1059 3056 in
1107 3011 1366 3056 nostram
1411 3000 1669 3075 redigere
1726 3007 2117 3073 potestatem:
2194 3019 2355 3069 nam,

169 3079 203 3105 “
225 3078 498 3153 quidquid
531 3076 654 3149 ejus
683 3080 754 3135 ad
781 3079 1268 3153 me·pertinebat,
1296 3078 1358 3134 id
1385 3079 1525 3135 dens
1552 3097 1687 3134 mea
1712 3079 1995 3136 obtinet.”
2036 3078 2269 3154 Nempe
2296 3081 2358 3137 in

165 3152 264 3209 hoc
289 3156 544 3233 Hippias
569 3160 778 3214 exiisse
802 3158 1087 3213 visionem
1115 3174 1281 3213 suam
1309 3157 1686 3213 existimavit.

243 3237 364 3290 108.
403 3238 887 3303 Atheniensibus,
917 3253 1100 3309 quum
1128 3237 1188 3291 in
1215 3252 1424 3310 campo
1452 3236 1693 3293 Herculi
1732 3252 1895 3293 sacro
1922 3237 2133 3293 ⁴lotium
2168 3238 2355 3311 cepis-

169 3322 302 3380 sent,
355 3315 630 3389 praesidio
679 3315 968 3371 advenere
1019 3316 1342 3383 Plataeenses
1393 3315 1681 3388 frequenti
1728 3332 1913 3371 manu
1958 3334 2031 3373 ex
2084 3316 2357 3375 universo

167 3394 369 3464 populo
398 3395 664 3450 collecta.
742 3394 1126 3464 Tradiderant
1149 3395 1304 3449 enim
1340 3410 1464 3450 sese
1493 3394 1943 3451 Atheniensibus
1980 3395 2358 3464 Plataeelisffl,

162 3475 239 3534 et*
260 3470 600 3546 frequentes
641 3469 870 3529 labores
911 3489 1020 3545 pro
1075 3472 1188 3530 iuis
1229 3472 1609 3529 Athenienses
1654 3473 2070 3529 sustinuerant.
2151 3474 2357 3539 Tradi-

167 3546 358 3606 derant
385 3570 448 3607 se
479 3560 676 3608 autem
706 3552 819 3608 hoe
846 3550 1040 3607 modo.
1126 3550 1294 3606 Bello
1343 3569 1380 3605 a
1417 3550 1717 3619 Thebanis
1758 3555 1937 3625 pressi
1981 3552 2355 3620 Plataeenses,

163 3625 404 3695 primum
437 3631 769 3697 Cleomeni,
793 3628 1216 3685 Anaxandridae
1242 3627 1386 3696 fflio,
1415 3637 1477 3684 et
1502 3628 1967 3687 Lacedaemonii-s
1994 3649 2061 3687 se
2104 3630 2358 3687 tradide-

155 3713 306 3776 runt,
333 3710 435 3783 qui
461 3709 615 3765 forte
663 3709 723 3764 in
761 3709 886 3765 illis
927 3708 1068 3765 locis
1097 3708 1352 3763 aderant.
1431 3708 1511 3763 At
1551 3708 1658 3773 illi,
1686 3726 1804 3763 non
1838 3710 2187 3783 recipientes
2234 3726 2355 3777 eos,

165 3781 347 3843 dixere
370 3810 386 3843 ’ς
458 3794 502 3824 “
531 3786 660 3844 Nos
687 3787 862 3843 nimis
907 3785 1113 3860 procui
1143 3804 1180 3841 a
1201 3786 1380 3859 {vobis
1407 3786 1763 3853 habitamus,
1784 3795 1849 3843 et
1875 3788 2161 3863 frigidum
2188 3786 2359 3844 vobis
2403 3782 2413 3793 '

167 3863 207 3899 ’ἕ
235 3864 348 3921 tede
369 3864 661 3924 auxilium
687 3867 873 3921 foret:
919 3864 1052 3937 plus
1068 3864 1258 3920 semel
1305 3864 1469 3920 enim
1514 3864 1638 3920 fieri
1680 3874 1995 3939 posset‚.ut
2019 3865 2079 3920 in
2104 3865 2354 3921 servitu-

169 3942 340 3998 “tem
366 3931 532 4018 prius
574 3943 1075 4009 abstraheremini,
1103 3960 1280 4017 quam
1309 3952 1582 3999 nostrum
1622 3944 1932 4019 quisquam
1970 3942 2155 3999 fando
2187 3944 2357 4001 audi-

58 4026 65 4039 ·
165 4020 202 4047 '²‘
229 4028 326 4075 ret.
407 4024 604 4085 Quare
629 4024 940 4083 suademus
985 4018 1177 4085 vobiS,
1205 4028 1276 4077 ut
1315 4021 1767 4079 Atheniensibus
1814 4038 1919 4077 vos
1958 4020 2229 4087 tradatis,
2252 4023 2357 4101 qui

166 4100 202 4131 ‘·‘
229 4099 392 4155 vobis
423 4112 557 4157 sunt
586 4101 835 4166 finitimi,
863 4102 932 4159 ad
962 4099 1280 4157 tutandum
1305 4104 1426 4155 non
1454 4097 1749 4163 invalidi.”
1815 4099 1985 4160 ‚Haec
2011 4100 2352 4159 Plataecnsi-

155 4170 266 4233 abus
293 4178 606 4256 suaserunt
625 4178 1386 4315 Lacedaemonii,gt;,n2tam
1417 4179 1575 4273 quod
1588 4178 1717 4239 illis
1740 4178 1893 4239 bene
1918 4179 2357 4255 vellent,‚-quam

1117 4314 1136 4341 s
1176 4316 1182 4321 ·
1240 4321 1258 4334 a
