2925 4992
919 305 958 325 ,ι
1023 271 1535 337 POLYMNIA.
1788 280 1799 292 '
2252 280 2370 337 ³45

199 423 604 495 actitemus
648 434 1152 511 antimissimumj
1173 400 1398 509 solique
1433 450 1643 493 umus
1678 435 2021 493 Graecorum
2060 436 2163 510 qui
2202 452 2378 493 num-

203 522 435 598 “quam
475 517 670 573 solum
709 518 1036 571 vertimus.
1083 527 1202 589 quo
1249 516 1324 570 de
1363 516 1589 589 populo
1636 512 1815 570 etiam
1863 514 2163 571 Homerus
2204 528 2381 587 poeta

201 586 638 651 “fortissimum
665 596 858 650 virum
887 594 970 649 ait
994 594 1066 649 ad
1099 596 1276 652 ilium
1299 595 1552 658 venisse,
1577 601 1637 648 et
1662 594 1965 649 ordinasse
2000 597 2379 651 instruxisse

191 678 370 785 Tque
396 674 768 730 exercitum:
809 673 948 778 Quo
975 674 1174 730 minus
1201 671 1663 746 reprehendendi
1686 688 1893 728 samus
1888 673 2076 781 ’quod
2102 672 2215 727 ista
2236 672 2379 729 dici-

223 756 432 808 ‘mua'
541 788 548 795 ·

273 828 395 888 16³2.
433 831 588 887 Τιιιιι
634 846 770 886 vero
797 830 1014 895 Gelon,
1053 829 1368 903 “Hospes
1407 828 1864 887 Atheniensis'”
1906 832 2006 894 ait,
2051 827 2254 887 “Vos
2289 831 2377 887 vi-

195 908 479 964 “demini
517 910 894 982 imperatores
917 908 1150 983 quidem
1177 910 1410 975 habere,
1437 907 1561 974 sed,
1588 908 1805 983 quibus
1828 909 1891 965 hi
1915 910 2227 981 imperent,
2256 926 2382 967 non

194 986 571 1044 “habituros.
611 988 910 1049 Quoniam
939 988 1124 1063 igitur
1141 988 1291 1043 nihil
1309 987 1691 1053 remittentes,
1710 988 1915 1043 omnia
1932 987 2111 1043 vultis
2136 994 2372 1059 tenere3

195 1072 234 1097 ‘¹‘
256 1082 432 1139 ocyus
461 1068 602 1121 hinc
625 1067 789 1122 abire
811 1074 1122 1131 maturate,
1147 1067 1511 1139 domumque
1550 1064 1763 1127 reversi
1806 1066 2083 1121 nunciate
2112 1066 2377 1132 Graecioe,

193 1150 236 1179 “
261 1159 360 1201 ver
397 1146 451 1200 ei
498 1161 574 1201 ex
615 1160 774 1200 anno
815 1159 942 1205 esse
967 1149 1322 1201 exemtum.’'
1405 1140 1593 1215 Cujus
1632 1145 1775 1201 dieti
1814 1144 1939 1201 haee
1962 1146 2249 1201 sententia
2268 1154 2379 1212 est,

189 1237 352 1297 quam
383 1224 481 1280 ille
506 1224 846 1299 significare·
865 1223 1090 1279 voluit:
1141 1238 1352 1297 nempe
1385 1224 1528 1279 satis
1568 1230 1815 1290 constat,
1844 1222 2380 1297 praestantissimam

190 1302 315 1357 anni
340 1311 566 1375 partem
609 1318 712 1358 ver
760 1314 923 1373 esse5
989 1318 1166 1359 suum
1219 1310 1418 1359 autem
1465 1303 1785 1358 exercitum
1836 1300 2381 1375 praestantissimam

177 1387 400 1454 partem
443 1381 596 1437 dixit
635 1380 695 1436 in
743 1380 1086 1437 Graecorum
1133 1377 1412 1437 exercitu.
1491 1381 1697 1455 ltaque
1738 1380 2050 1446 Groeeiam,
2098 1381 2381 1439 societate

177 1458 358 1533 ipsius
395 1460 767 1524 destitutam,
795 1460 1156 1532 comparavit
1177 1476 1314 1516 eum
1339 1476 1524 1524 anno,
1552 1460 1647 1515 cui
1672 1476 1777 1514 ver
1800 1460 1875 1516 sit
1904 1466 2220 1517 exemtnm.

263 1540 386 1595 163.
425 1536 644 1614 Legati
685 1536 866 1613 igitur
891 1538 1258 1606 Graecorum,
1288 1539 1446 1594 hisee
1484 1554 1622 1593 oum
1658 1538 1883 1593 Gelone
1924 1539 2089 1602 actis,
2132 1537 2375 1595 domum

187 1617 549 1692 navigarunt.
629 1617 820 1687 Atque
863 1617 948 1672 ita
987 1625 1132 1673 tuno
1171 1616 1392 1684 Gelon,
1421 1616 1638 1673 timens
1680 1616 1916 1690 quidem
1954 1616 2201 1683 Graecis,
2230 1618 2381 1673 veri-

174 1702 387 1768 tusque
407 1712 486 1751 ne
513 1694 844 1769 superando
867 1696 1132 1751 Barbare
1156 1697 1410 1769 impares
1449 1695 1573 1750 sint
1608 1694 1817 1760 futuri,
1846 1694 1947 1751 sed
1974 1696 2293 1768 indignum
2318 1704 2381 1753 et

187 1772 542 1831 intolerabile
559 1774 917 1839 existimans,
937 1790 1135 1849 regem
1159 1771 1457 1840 Sieilioe,in
1470 1772 1943 1846 Peloponnesum
1964 1769 2378 1843 trajicientem,

177 1852 288 1907 sub
310 1853 559 1927 imperio
603 1868 728 1909 esse
769 1852 1382 1921 Lacedaemoniorum
1430 1853 1581 1906 hane
1624 1852 1861 1926 quidem
1904 1862 2249 1926 aspernatus
2292 1861 2384 1909 est

189 1928 598 1996 conditionem,
626 1932 726 1987 sed
752 1931 932 1987 aliam
959 1932 1250 1987 rationem
1277 1938 1368 1987 est
1393 1936 1645 1987 secutus.
1726 1930 1918 1987 Simul
1944 1939 2118 2005 atque
2144 1930 2381 1987 Persam

177 2008 459 2067 intellexit
515 2005 810 2081 trajecisse
861 2008 1338 2082 Hellespontum,
1381 2026 1521 2065 eum
1570 2010 1757 2066 tribus
1810 2010 2059 2065 navibus
2106 2010 2383 2067 actuariis

189 2088 610 2165 qninquaginta
663 2104 955 2145 remorum
995 2088 1309 2155 Cadmum,
1358 2089 1591 2163 Scythae
1640 2089 1853 2152 filium,
1902 2106 2115 2162 genere
2160 2090 2381 2157 Coum,

177 2164 436 2240 Delphos
461 2167 652 2233 misit,
681 2168 886 2223 multis
909 2166 1169 2240 pecuniis
1193 2178 1252 2223 et
1279 2168 1542 2259 pacificis·
1560 2166 1849 2223 mandatis
1872 2168 2249 2233 instructum,
2276 2168 2380 2240 qni

189 2242 313 2327 belli
337 2247 566 2303 exitum
594 2252 989 2319 exspectaret3
1033 2254 1092 2300 et
1119 2245 1378 2318 quidem,
1407 2245 1458 2299 si
1484 2245 1719 2299 vicisset
1759 2244 2077 2309 Barbarus,
2105 2246 2381 2337 pecunias

189 2320 244 2378 ei
261 2332 324 2381 et·
339 2333 562 2382 terram
589 2333 650 2382 et
675 2340 889 2398 aquam
909 2323 1146 2381 nomine
1159 2323 1404 2379 Gelonis
1423 2322 1712 2393 traderet3
1758 2324 1851 2378 sin
1874 2323 2065 2379 Graeei
2082 2320 2379 2391 visissent,

189 2405 448 2476 munias
477 2410 821 2477 reportaret.

263 2484 385 2542 164.
425 2482 696 2540 Cadmus
740 2483 834 2538 hie
877 2490 1069 2548 antea,
1097 2497 1282 2555 quum
1333 2483 1487 2554 patri
1536 2483 1595 2538 in
1630 2498 1882 2556 regnum
1914 2482 2172 2539 Coorum
2208 2481 2380 2539 firmo

179 2568 363 2617 ’rerum
390 2558 556 2619 statu
581 2561 964 2625 successisset,
995 2576 1099 2616 sua
1125 2568 1356 2634 sponte,
1383 2560 1549 2617 nullo
1574 2559 1923 2617 imminente
1946 2561 2230 2634 periculo,
2256 2560 2384 2617 sola

181 2632 394 2708 justitia
439 2640 683 2704 ductus,
713 2641 774 2696 in
819 2640 1019 2695 medio
1053 2639 1194 2695 Cois
1235 2638 1581 2712 deposuerat
1622 2656 1891 2733 reg-numo,
1918 2648 1979 2695 et
2018 2641 2082 2695 in
2124 2636 2382 2698 Siciliam

169 2718 555 2809 migraverat.
635 2718 732 2775 Ibi
758 2736 895 2775 cum
923 2718 1134 2774 Samiis
1163 2716 1442 2775 Zanclam
1471 2718 1677 2774 urbem
1718 2720 1909 2775 tenuit
1949 2716 2379 2792 habitavitque,

189 2795 344 2865 cujus
391 2811 622 2855 nomen
649 2798 711 2853 in
727 2796 1071 2861 Messanam
1115 2804 1414 2853 mutatum
1461 2806 1567 2854 est.
1647 2796 1833 2853 Hune
1856 2798 2041 2871 igitur
2066 2797 2381 2863 Cadmum,

188 2876 300 2947 qui
313 2876 426 2933 isto
469 2875 658 2933 modo
702 2876 764 2931 in
807 2872 1058 2931 Siciliam
1085 2884 1348 2940 venerat,
1375 2876 1567 2931 Gelon
1615 2884 1853 2949 propter
1894 2876 2174 2947 reliquam
2200 2878 2382 2933 etiam

185 2954 282 3039 yiri
322 2950 626 3026 justitiam
669 2954 782 3010 sibi
826 2962 1212 3027 perspectam,
1260 2952 1521 3027 Delphos
1570 2954 1763 3009 misit:
1806 2954 1973 3027 isque
2018 2960 2227 3026 praeter
2268 2955 2385 3010 alia

165 3026 410 3101 justitiae
433 3034 801 3091 documenta
837 3030 1016 3088 etiam
1059 3033 1170 3087 hoc
1213 3046 1332 3087 non
1377 3032 1695 3089 minimum
1722 3050 1757 3086 a
1780 3048 1843 3087 se
1870 3031 2095 3087 editum
2124 3032 2383 3105 reliquit,

185 3114 349 3185 quod,
373 3128 570 3187 quum
613 3127 866 3186 magnas
907 3110 971 3166 in
1019 3109 1292 3167 manibus
1335 3110 1579 3167 haberet
1618 3110 1897 3184 pecunias
1936 3130 1973 3166 a
2018 3110 2243 3167 Gelone
2262 3110 2385 3169 sibi

187 3192 450 3259 creditas,
479 3194 872 3248 intervertere
917 3206 1036 3255 eas,
1045 3200 1436 3262 quamquam
1488 3188 1635 3245 nihil
1676 3190 2043 3263 prohibebat,
2084 3186 2379 3261 noluerit;

185 3268 298 3337 sed,
327 3275 644 3363 postquam
683 3284 890 3343 pugna
928 3267 1123 3323 navali
1171 3268 1443 3326 vicissent
1470 3268 1683 3335 Graeci,
1713 3276 1771 3323 et
1794 3268 2026 3324 Xerxes
2048 3284 2187 3325 cum
2212 3285 2382 3325 exer-

187 3346 298 3405 citu
319 3351 582 3413 abiisset,
611 3348 737 3423 ipse
761 3347 940 3403 etiam
964 3346 1029 3402 in
1056 3344 1358 3403 “Siciliam
1349 3362 1609 3403 reversus
1636 3347 1909 3421 pecunias
1938 3364 2141 3405 omnes
2166 3346 2387 3405 Geloni

190 3428 582 3501 reportaverit.

223 3511 390 3565 ’.165
437 3507 780 3563 Memorant
843 3505 1021 3560 etiam
1079 3504 1294 3569 Siculi,
1339 3506 1608 3577 quamvis
1658 3505 1771 3561 sub
1818 3505 2064 3579 imperio
2110 3505 2383 3562 futurum

165 3581 794 3648 ·Laeedaemoniorum;
811 3584 906 3639 vel
929 3580 1014 3641 sic
1035 3589 1234 3638 tamen
1257 3583 1547 3639 Gelonem
1572 3583 1835 3640 subsidio
1858 3592 2174 3641 venturum
2202 3582 2387 3640 fuisse

187 3663 422 3731 Graecis,
461 3663 582 3720 nisi
617 3658 874 3719 Tei-illus
917 3660 1182 3735 Orinippi
1232 3661 1410 3729 filius,
1443 3663 1704 3719 Himerae
1728 3670 2029 3735 tyrannus,
2054 3680 2091 3717 a
2114 3662 2385 3719 Therone

185 3738 547 3803 AEnesidemi
567 3756 574 3765 ·
593 3741 742 3807 filio,
769 3737 1294 3817 Agrigentinorum
1335 3742 1682 3808 monarcha,
1710 3741 1958 3798 Himera
1988 3736 2229 3809 ejectus,
2272 3741 2384 3800 sub

163 3818 334 3878 2ὶιιιιιιι
361 3830 606 3895 tempus
642 3826 905 3875 trecenta
945 3818 1136 3875 millia
1177 3820 1497 3876 Poenorum
1527 3828 1590 3876 et
1622 3820 1878 3894 Libyum
1904 3826 1967 3876 et
1989 3817 2295 3875 lbet-orum
2319 3830 2384 3876 et

163 3896 476 3973 Ligurum
493 3907 568 3956 et
593 3896 1005 3971 Helisycorum
1033 3907 1093 3953 et
1123 3894 1437 3955 Sardorum
1472 3904 1533 3955 et
1558 3898 2037 3963 Corsicanorum,
2057 3897 2385 3974 horumque

76 3973 83 3995 ¹
161 3975 388 4035 -ducem
432 3978 820 4035 Amilcarem
833 3977 1096 4033 Annonis
1149 3974 1364 4043 filium,
1419 3994 1618 4054 regem
1670 3973 2273 4050 Carthaginiensium,
2318 3978 2389 4033 ln'

186 4054 438 4116 Siciliam
462 4054 908 4117 transduxisset.
987 4054 1218 4133 Nempe
1219 4050 1595 4192 2Armlcarem
1634 4056 1709 4113 ad
1748 4056 1922 4113 istam
1948 4054 2383 4130 suscipiendam

1287 4150 1328 4190 ι·
