2925 4992
1118 308 1494 371 URANIA.
2285 314 2407 372 869

191 484 270 525 ex
292 465 519 527 Grecis
536 482 751 534 navem
792 466 1052 529 hostium
1092 467 1247 542 oepit
1286 469 1431 527 civis
1456 466 1827 527 Atheniensis
1849 466 2233 543 Lycomedes,
2259 462 2400 527 Εε-

190 547 389 606 ehreoe
425 546 603 613 filius,
630 558 691 603 et
728 546 963 605 virtutis
1001 544 1306 619 praemium
1348 549 1618 623 princeps
1661 547 1758 605 hic
1797 546 2016 604 retulit.
2098 547 2410 605 Caeterum'

189 626 449 699 ancipite
461 624 659 681 Marte
683 640 949 698 pugnam
975 624 1130 683 hanc
1152 627 1417 683 navalem
1444 632 1776 701 pugnantes
1803 626 2082 699 ingruens
2103 642 2224 681 nox
2245 622 2398 683 dire.-

190 700 342 759 mit:
386 710 449 761 et
472 703 663 761 Groeci
700 702 933 777 quidem
976 702 1051 761 ad
1079 701 1458 761 Artemisium
1499 711 1639 761 sunt
1677 705 1926 773 reversi3
1971 702 2215 760 Barbari
2255 720 2398 761 vero

189 782 479 855 Aphetas,
507 782 703 839 multo
726 780 1019 855 graviore,
1042 798 1223 855 quam
1248 787 1741 857 exspectaverant,
1769 782 2088 839 certamine
2123 780 2402 839 defuncti,

187 858 265 919 ln
306 859 419 915 hae
462 860 661 919 navali
703 876 925 933 pugna,
960 876 1035 915 ex
1080 860 1300 917 Graecis
1342 863 1445 935 qui
1485 878 1620 917 cum
1667 876 1804 935 rege
1845 860 2201 927 militabant,
2231 876 2394 919 unus

185 937 511 996 Antidama
536 936 823 995 Lemnius
848 937 920 995 ad
948 938 1287 995 Graecorum
1316 940 1593 997 transivit
1618 948 1846 1011 parter.
1889 939 1984 995 eui
2011 938 2148 997 dein
2175 938 2254 997 ob
2283 938 2399 999 hoc
2504 970 2509 976 ·

182 1016 418 1074 factum
450 1016 827 1073 Athenienses
854 1016 1141 1089 praedium
1170 1017 1231 1073 in
1258 1018 1554 1075 Salamine
1579 1016 1740 1073 dono
1765 1016 2064 1074 dederunt.

272 1098 367 1151 12.
404 1094 585 1152 Facta
608 1102 798 1159 nocte,
826 1110 1009 1167 quum
1035 1102 1187 1153 esset
1228 1096 1490 1153 medium
1515 1095 1656 1151 anni
1694 1103 1928 1168 tempus
1953 1095 2248 1164 aestivum,
2275 1099 2394 1155 im·

184 1188 403 1228 mensa
427 1174 519 1228 vis
545 1190 831 1246 aquarum
868 1180 993 1228 tota
1028 1181 1201 1229 nocte
1234 1174 1442 1231 cecidit
1464 1174 1538 1229 de
1565 1174 1737 1240 coe10,
1761 1183 1822 1229 et
1847 1172 1976 1231 dira
2000 1175 2266 1233 tonitrua
2287 1196 2394 1235 ex-

180 1250 393 1307 stitere
417 1250 493 1307 de
516 1250 715 1307 Pelio:
760 1268 1014 1343 moxque
1046 1252 1329 1309 cadavera
1350 1262 1411 1309 et
1448 1249 1760 1327 naufragia
1785 1246 2168 1321 ejiciebantur
2193 1272 2398 1313 versus

177 1328 471 1402 Aphetas,
500 1337 561 1385 et
602 1328 757 1385 circa
796 1331 1037 1387 navium
1082 1346 1281 1403 proras
1322 1331 1734 1396 volvebantur,
1765 1330 2168 1405 palmulasque
2207 1333 2397 1408 impe-

181 1408 435 1465 diebant
461 1424 773 1465 remorum.
832 1408 983 1465 Haee
1006 1408 1307 1467 audientes
1334 1410 1433 1485 qui
1463 1410 1546 1465 ibi
1575 1416 1738 1466 erant
1763 1408 2002 1477 milites,
2027 1420 2244 1467 terrore
2267 1428 2398 1485 per-

180 1486 363 1553 culsi,
391 1502 629 1559 prorsus
654 1504 716 1543 se
755 1487 1045 1559 perituros
1086 1488 1522 1558 existimabant,
1550 1494 1642 1544 tot
1681 1487 1972 1561 tantisque
2011 1488 2185 1545 simul
2223 1490 2396 1547 malis

174 1564 623 1639 ingruentibus.
700 1564 937 1623 Etenim
964 1566 1303 1639 priusquam
1328 1584 1363 1622 e
1388 1566 1698 1641 naufragio
1723 1572 1783 1621 et
1809 1574 2156 1640 tempestate
2181 1568 2252 1625 ad
2280 1568 2394 1625 Pe·-

175 1643 335 1699 lium
362 1651 563 1699 coorta
588 1645 913 1717 potuissent
938 1644 1238 1717 respirare,
1266 1645 1465 1719 gravis
1491 1644 1698 1702 incidit
1724 1660 1930 1717 pugna
1957 1646 2220 1702 navalis·
2203 1670 2222 1717 3
2257 1654 2394 1719 post

174 1738 455 1796 pugnam
480 1740 621 1779 vero
646 1722 1209 1779 ‚vehementissimus
1246 1722 1455 1789 imber,
1481 1730 1544 1780 et
1569 1721 1752 1778 validi
1791 1728 2080 1780 torrentes
2123 1725 2186 1781 in
2226 1742 2392 1783 mare

175 1800 579 1866 decurrentes,
604 1811 665 1859 et
690 1800 815 1857 dira
841 1800 1114 1857 tonitrua.
1194 1799 1279 1859 Hi
1306 1802 1490 1875 igitur
1514 1799 1694 1857 talem
1721 1809 1972 1874 egerunt
1995 1811 2252 1859 noctem.

266 1882 359 1935 13.
396 1879 497 1942 At,
522 1880 736 1954 quibus
758 1877 1106 1935 mandatum
1130 1887 1256 1936 erat
1282 1880 1502 1937 circum
1535 1878 1825 1935 Euboeam
1857 1880 2388 1975 circumnavigare,

174 1956 275 2014 his
302 1956 511 2016 eadem
550 1975 667 2015 nox
696 1958 887 2014 multo
916 1956 1032 2014 fuit
1068 1958 1353 2027 atrocior3
1398 1965 1570 2013 tanto
1607 1955 1844 2031 quidem
1884 1960 2097 2033 magis,
2125 1961 2284 2034 quod
2325 1961 2390 2019 in

176 2035 383 2092 medio
409 2034 621 2110 pelago
648 2034 1017 2091 versantibus
1054 2032 1279 2091 incidit.
1342 2035 1439 2091 Et
1464 2036 1646 2093 tristis
1685 2035 1804 2093 illis
1843 2034 1976 2095 finis
2015 2038 2150 2095 fuit.
2227 2039 2390 2100 Nam

176 2122 498 2188 postquam
544 2115 659 2171 illis
698 2114 1140 2189 navigantibus,
1168 2130 1356 2187 quum
1396 2115 1676 2171 adversus
1705 2114 1872 2172 Coela
1891 2114 2138 2175 Euboeae
2177 2127 2391 2186 essent,

180 2191 435 2267 [Latine
460 2191 609 2253 Cava
630 2192 875 2264 dixeris]
908 2199 1225 2265 tempestas
1248 2202 1423 2267 atque
1450 2194 1640 2250 imber
1663 2193 1904 2262 incidit3
1937 2202 2112 2251 vento
2141 2196 2390 2271 abrepti,

177 2270 553 2329 nescientes'
536 2272 647 2345 ipsi
674 2288 793 2345 quo
816 2272 1126 2334 ferrentur,
1152 2270 1227 2329 ad
1270 2279 1461 2343 petras
1488 2234 1986 2345 impingebantur.
2065 2273 2228 2329 Adeo
2252 2292 2388 2329 om·-

176 2350 283 2407 nia
301 2348 495 2408 effecit
512 2349 699 2417 Deus,
722 2349 939 2422 quibus
967 2349 1275 2405 Persarum
1302 2344 1487 2423 copias
1513 2348 1760 2420 oequales
1787 2348 1990 2405 fierent
2015 2352 2198 2423 copiis
2225 2352 2390 2409 Grai-'-

176 2444 415 2494 eorum,
444 2446 549 2488 nec
574 2428 765 2487 multo
790 2429 875 2485 eis
900 2433 1094 2485 essent
1128 2427 1474 2501 superiores,
1554 2426 1640 2485 Hi
1679 2427 1860 2501 igitur
1893 2428 2047 2484 circa
2072 2429 2238 2487 Coela
2261 2430 2392 2487 Eu·

176 2507 335 2565 boeae
359 2508 671 2581 perierunt.

262 2586 357 2642 14.
396 2586 517 2647 Qui
544 2584 619 2641 ad
644 2586 903 2660 Aphetas
928 2590 1097 2643 erant
1122 2582 1387 2647 Barbari,
1414 2589 1484 2639 ut
1505 2589 1678 2659 grata
1701 2584 1819 2641 illis
1841 2583 1964 2642 dies
1989 2585 2204 2652 illuxit,
2227 2592 2418 2643 tram·

176 2663 393 2739 quilla-s
420 2672 659 2721 tenuere
696 2682 910 2733 naves3
956 2663 1109 2719 bene
1148 2680 1346 2720 secum
1388 2662 1490 2736 agi
1529 2662 1954 2731 existimantes,
1981 2665 2054 2731 si,
2083 2665 2254 2721 malis
2279 2666 2390 2723 de-

174 2743 393 2808 functi,
422 2743 681 2817 quietem
708 2744 770 2800 in
810 2742 1085 2817 prresenti
1110 2758 1285 2815 agere
1322 2747 1582 2812 possent.
1659 2742 1740 2797 At
1764 2742 1952 2799 Graeei
1991 2743 2256 2799 subsidio
2281 2762 2390 2801 ve-

173 2838 317 2879 nere
342 2828 461 2877 tres
494 2829 553 2877 et
578 2822 1007 2896 quinquaginta
1030 2821 1239 2877 Atticae
1276 2834 1488 2874 naves:
1531 2834 1788 2892 quarum
1825 2829 1886 2877 et
1923 2821 2206 2879 adventus
2231 2824 2386 2879 vires

172 2899 423 2956 illorum
448 2901 790 2973 animosque
812 2899 1204 2963 confirmavit,
1232 2905 1293 2953 et
1319 2896 1552 2953 adlatus
1581 2898 1764 2953 simul
1801 2899 2076 2965 nunciuS,
2105 2901 2386 2957 Barbaros

175 2977 443 3036 Euboeam
481 2980 1001 3050 circunmavigantes
1024 2982 1211 3031 coorta
1250 2981 1564 3047 tempestate
1601 2983 1819 3031 cunctos
1855 2979 2096 3048 periisse.
2143 2978 2382 3052 Itaque

174 3056 387 3112 eadem
429 3054 544 3111 diei
583 3057 745 3123 hora,
746 3074 891 3130 qua
932 3053 1138 3129 pridie,
1185 3053 1437 3109 navibus
1479 3054 1686 3118 evecti,
1723 3054 1780 3110 in
1827 3026 2160 3111 cilicienses
2202 3075 2382 3115 naves

172 3135 465 3209 impetum
504 3134 807 3191 fecerunt·
852 3134 1059 3209 hisque
1098 3132 1411 3206 corruptiS,
1440 3132 1754 3206 ingruente
1779 3142 1970 3203 nocte,
2013 3134 2086 3191 ad
2122 3134 2381 3193 Artemi-

174 3212 337 3277 sium
362 3214 575 3270 reversi
598 3221 759 3271 sunt.

256 3294 351 3347 15.
386 3290 589 3355 Tertio
628 3310 769 3348 vero
806 3292 921 3356 die,
946 3291 1251 3366 agetrime
1292 3288 1544 3345 ferentes
1583 3288 1975 3353 Barbarorum
2019 3290 2218 3359 duces,
2255 3302 2380 3353 tam

173 3384 395 3442 paucas
414 3386 595 3433 ,naves
614 3370 761 3433 adeo
784 3370 1207 3429 contumeliosa
1228 3369 1340 3425 sibi
1360 3368 1580 3423 damna
1599 3367 1838 3434 inferre,
1867 3369 2152 3443 veritique
2165 3372 2380 3433 Xerxis

170 3448 345 3513 iram,
366 3466 483 3505 non
504 3449 759 3523 amplius
784 3456 1195 3522 exspectarunt
1214 3446 1359 3503 dum
1380 3446 1568 3505 Graeci
1591 3463 1812 3521 pugnae
1831 3446 2090 3505 facerent
2109 3446 2374 3524 initium3

170 3524 275 3583 sed
306 3542 369 3581 se
404 3528 655 3596 invicem
694 3527 1005 3595 cohortati,
1034 3528 1187 3581 circa
1226 3525 1490 3583 medium
1529 3524 1646 3581 diei
1688 3525 1942 3583 navibus
1977 3535 2130 3597 sunt
2167 3530 2376 3589 evecti.

167 3603 401 3663 Accidit
426 3613 647 3673 autem,
673 3617 741 3665 ut
764 3606 984 3666 eisdem
1012 3604 1223 3667 diebus
1244 3612 1307 3661 et
1344 3603 1568 3660 navales
1603 3602 1700 3662 12ae
1736 3621 1956 3679 pugna
1983 3613 2044 3662 et
2083 3608 2376 3680 pedestres

168 3683 247 3749 ad
280 3682 731 3775 Thermopylas,
759 3690 1184 3761 pugnarentur.
1263 3682 1343 3738 Et
1380 3688 1506 3739 erat
1545 3690 1836 3740 certamen
1875 3701 2077 3751 omne,
2105 3686 2276 3753 mari,
2304 3686 2380 3745 de

143 3759 439 3838 ‚Eurip03
470 3763 963 3837 quemadmodum
992 3760 1272 3819 Leonidae
1290 3769 1350 3817 et
1372 3760 1468 3817 his
1495 3758 1596 3833 qui
1621 3777 1755 3817 cum
1780 3779 1852 3820 eo
1876 3770 2065 3828 erant,
2083 3762 2155 3818 de
2175 3772 2375 3821 custo-

166 3839 393 3899 diendo
416 3843 672 3899 transitu
690 3843 759 3897 in
778 3842 1090 3899 Graeeiam.
1146 3840 1228 3897 Hi
1256 3838 1443 3915 igitur
1466 3856 1593 3895 sese
1619 3840 2100 3907 cohortabantur,
2129 3858 2202 3897 ne
2226 3840 2376 3899 Bar-

168 3918 347 3977 baros
388 3938 456 3985 ιιι,
496 3920 785 3986 Graeciam
831 3920 1328 3983 transmitterent:
1370 3917 1460 3976 illi
1507 3934 1671 3985 vero,
1714 3926 1782 3975 ut
1825 3919 2072 3980 classem
2117 3919 2377 3983 delerent

170 3992 627 4066 Graecorum‚·et
650 3996 805 4057 freto
830 3996 1174 4073 potirentur.

256 4078 361 4134 16:
388 4076 553 4144 Jam,
581 4076 685 4134 ubi
719 4077 1001 4134 instructa
1034 4076 1157 4134 acie
1183 4080 1392 4132 evecta·
1410 4082 1500 4132 est
1539 4076 1702 4151 regia
1726 4074 1944 4141 classis,
1973 4075 2156 4148 quieti
2183 4079 2373 4138 Graeci

168 4154 243 4213 ad
273 4156 653 4215 Artemisium
674 4162 910 4213 stetere.
986 4156 1063 4213 At
1088 4164 1399 4231 postquam
1426 4154 1514 4212 illi
1539 4156 1602 4212 in
1631 4155 1790 4212 lunae
1828 4154 2080 4229 speeiem
2107 4159 2370 4217 ordinare

1222 4238 1261 4289 3
1288 4250 1322 4288 Β
