2925 4992
978 310 1663 381 TERPSICHORE.
2299 322 2418 378 229

216 470 547 536 'thracibus
590 476 677 535 nil
718 478 1029 551 differunt3
1072 480 1173 535 sed
1221 496 1421 535 recens
1464 480 1614 535 natis
1649 496 1716 537 ac
1759 474 1981 537 denatis
2023 474 2132 536 hoc
2172 476 2416 540 faciunt.

194 556 448 615 'Natum
495 557 915 614 circumsident
958 558 1214 633 cognati,
1245 568 1304 615 et
1342 558 1714 624 miserantur,
1742 566 1871 631 quot
1913 566 2222 631 quantaque
2265 558 2417 613 πιαὶα

202 644 469 710 'oporteat
493 654 637 703 eum,
667 656 734 692 ex
760 655 864 709 quo
890 646 1052 693 natus
1086 642 1182 702 sit,
1207 640 1438 711 perpeti,
1468 638 1665 693 omnia
1704 654 1836 711 quae
1878 638 2148 693 homines
2177 644 2418 692 manent

219 714 375 771 mala
404 724 951 771 commemorantes.
1030 714 1330 772 Denatum
1370 730 1512 771 vero
1542 710 1814 785 jocantes
1853 716 2236 790 laetantesque
2265 724 2420 771 terra

218 793 506 865 condunt,
539 802 1071 851 commemorantes
1096 801 1224 867 quot
1252 796 1574 867 quantisque
1598 794 1763 850 malis
1801 798 1874 851 sit
1919 796 2194 860 liberatus,
2223 812 2414 867 quam-

219 873 317 944 lJue
338 875 488 927 omni
508 878 672 944 parte
698 872 897 929 beatus.

296 954 350 1007 5.
394 951 565 1023 Apud
616 968 714 1005 eos
766 947 867 1025 qui
905 970 1075 1024 supra
1134 952 1456 1009 Crestonaeos
1507 949 1792 1019 habitant,
1840 952 1937 1009 hic
1989 968 2120 1009 mos
2168 952 2414 1010 obtinet.

216 1026 450 1085 Uxores
477 1028 723 1103 quilibet
749 1030 841 1085 vir
877 1030 1073 1105 plures
1099 1031 1311 1087 habet:
1350 1026 1499 1101 jam,
1529 1030 1764 1105 quando
1793 1032 1880 1086 vir
1908 1033 2172 1098 moritur,
2201 1048 2420 1109 magna

216 1106 283 1162 fit
322 1107 483 1161 inter
508 1124 717 1163 uxores
744 1102 1089 1183 disceptatio
1116 1118 1173 1165 et
1200 1109 1347 1165 acris
1387 1110 1711 1166 amicorum
1753 1110 2054 1167 contentio
2094 1128 2267 1184 super
2308 1112 2418 1167 hae

214 1186 561 1257 quaestione‚
590 1204 832 1259 quoenam
860 1206 929 1243 ex
967 1188 1219 1243 uxoribus
1248 1189 1528 1243 carissima
1549 1188 1756 1261 fuerit·
1775 1192 1995 1244 marito.
2077 1189 2256 1255 Dein,
2286 1206 2417 1262 quae

210 1264 349 1323 talis
368 1260 633 1335 judicata
661 1273 772 1331 est,
802 1276 861 1321 et
902 1268 995 1321 cui
1039 1266 1132 1322 hic
1172 1268 1363 1323 honos
1404 1266 1673 1333 habetur,
1703 1267 1823 1333 illa,
1851 1285 1886 1323 a
1910 1268 2051 1323 viris
2079 1277 2254 1340 atque
2277 1284 2415 1324 mu·

210 1342 457 1417 lierihus
515 1342 864 1409 collaudata,
910 1340 1226 1433 jugulatur
1278 1361 1453 1418 super
1504 1345 1802 1401 tumulum
1858 1347 1932 1401 ab
1987 1346 2074 1401 his
2127 1347 2229 1420 qui
2285 1361 2416 1403 eam

206 1421 481 1493 proxime
510 1422 865 1497 cognatione
889 1431 1212 1498 attingunt,
1240 1419 1595 1498 etjugulata
1623 1431 1739 1480 una
1777 1440 1912 1479 cum
1952 1426 2166 1481 marito
2207 1425 2416 1498 sepeli·
2475 1478 2487 1485 .

204 1496 309 1557 ‘tur
334 1522 347 1555 z
398 1497 640 1573 reliquae
667 1518 804 1556 vero
833 1520 1065 1577 magnae
1090 1502 1203 1558 sibi
1231 1501 1549 1558 calamitati
1578 1502 1637 1559 id
1665 1501 1915 1570 ducunt,
1948 1520 2198 1578 namque
2221 1502 2411 1559 maxi·

206 1595 381 1634 mum
416 1578 529 1634 hoc
554 1580 635 1635 eis
662 1580 942 1652 probrum
969 1596 1254 1637 censetur.

190 1718 198 1721 ,
290 1661 351 1714 6.
399 1658 637 1731 Reliqui
692 1657 927 1714 Thraces
979 1654 1135 1715 hisce
1184 1668 1439 1716 utuntur
1491 1661 1770 1717 institutis.
1877 1658 2152 1716 Vendunt
2201 1659 2417 1732 liberos

206 1752 371 1803 suos,
405 1736 467 1791 in
512 1737 654 1792 alias
706 1745 889 1803 terras
936 1736 1322 1795 abducendos
1422 1736 1695 1813 Virgines
1743 1755 1860 1793 non
1911 1738 2268 1805 custodiunt,
2316 1740 2420 1798 sed

192 1812 493 1889 'congredi
519 1834 657 1873 cum
684 1812 1011 1890 quibusque
1036 1816 1335 1872 voluerint
1358 1816 1502 1873 viris
1526 1818 1836 1890 patiuntur
1863 1840 1875 1873 ε
1921 1834 2132 1873 uxores
2160 1836 2299 1875 vero
2323 1836 2415 1876 se·

194 1890 349 1949 ‘vere
378 1894 719 1951 custodiunt
736 1919 753 1961 3
798 1904 1007 1967 emunt
1036 1906 1234 1951 autem
1263 1910 1472 1951 uxores
1499 1914 1536 1950 a
1558 1896 1896 1969 parentibus
1937 1896 2170 1973 ingenti
2209 1899 2418 1971 preti0.

202 1968 504 2029 Punctam
549 1973 703 2031 notis
748 1972 959 2029 habere
999 1980 1217 2039 cutem,
1249 1972 1445 2031 nobile
1472 1969 1808 2044 judicaturz
1852 1974 2134 2048 impressa
2159 1992 2282 2033 non
2307 1976 2414 2033 ha·

188 2050 353 2131 „bere
402 2051 703 2135 stigmata,
732 2052 1013 2126 ignobile.
1095 2052 1371 2109 Otiosum
1408 2070 1558 2121 esse,
1586 2054 2073 2110 honestissimum
2123 2055 2412 2112 habeturt

188 2134 431 2199 *terram
480 2130 687 2195 colere,
715 2146 892 2203 quam
937 2132 1192 2187 maxime
1235 2131 1631 2189 inhonestum.
1715 2130 1808 2188 Ex
1835 2132 1990 2188 bello
2015 2142 2074 2190 et
2100 2134 2298 2207 praeda
2322 2134 2415 2191 vi-

192 2202 375 2277 bere,
404 2206 888 2267 laudatissimum.
968 2210 1057 2267 Hi
1082 2218 1221 2265 sunt
1248 2210 1525 2283 praecipui
1553 2211 1788 2267 illorum
1815 2228 2027 2267 mores.

286 2293 351 2351 7.
384 2286 555 2344 'Deos
598 2295 798 2345 autem
846 2288 1003 2345 solos
1041 2270 1248 2343 coiunt
1293 2287 1501 2344 hoscet
1557 2288 1834 2355 Martem,
1879 2297 1939 2345 et
1983 2288 2306 2357 Bacchum,
2356 2298 2418 2349 et

202 2364 491 2435 Dianam.
572 2362 770 2443 Reges
820 2384 957 2423 vero
1004 2384 1233 2433 eorum,
1279 2373 1490 2439 praeter
1535 2366 1792 2440 privatos
1832 2368 2010 2433 cives,
2051 2366 2416 2428 Mercurium

200 2444 473 2501 maxime
496 2445 706 2501 colunt
731 2444 995 2512 deorum,
1024 2452 1083 2501 et
1108 2463 1212 2519 per
1236 2444 1397 2503 hunc
1428 2440 1631 2515 jurant
1653 2472 1670 2519 3
1717 2446 2032 2521 dicuntque
2060 2464 2096 2502 a
2119 2446 2417 2507 Mercurio

200 2540 273 2589 se
301 2541 431 2581 esse
457 2532 794 2599 prognatos.
2335 2540 2343 2549 ’

196 2614 203 2623 ·
294 2602 352 2665 ,8.
395 2596 726 2677 Se‘pulturae
754 2604 906 2678 apud
936 2605 1144 2662 divites
1169 2606 1295 2662 haec
1323 2607 1474 2663 ratio
1508 2613 1614 2663 est.
1694 2604 1805 2663 Per
1829 2602 2092 2663 triduum
2117 2612 2422 2681 exponunt

202 2688 558 2753 {mortumrn⁴
572 2683 732 2756 prius
758 2684 925 2741 illum
954 2684 1353 2758 deplorantes,
1381 2686 1481 2743 sed
1519 2704 1660 2743 mox
1685 2686 2058 2743 victimarum
2103 2702 2278 2746 omne
2305 2704 2416 2761 ge-

206 2777 332 2819 nus
380 2770 729 2829 mactanteS,
774 2763 1047 2836 lautaque
1087 2764 1445 2821 celebrantes
1493 2761 1779 2821 convivia.
1857 2764 2087 2821 Deinde
2130 2766 2416 2838 sepeliunt

202 2835 618 2906 combustum,
649 2848 752 2898 aut
776 2842 952 2899 etiam
983 2859 1102 2897 non
1132 2841 1508 2901 combustum
1549 2851 1701 2901 terra
1739 2842 2012 2898 condunt.
2096 2842 2414 2917 Postquam

202 2909 519 2974 'tumulum
562 2918 971 2995 adgesserunt‚
1022 2922 1416 2977 certaminum
1470 2922 1633 2977 varia
1679 2926 2018 2993 proponunt
2069 2936 2302 2995 genera,
2352 2923 2414 2979 in

202 2995 431 3075 fluibus
456 3000 718 3055 maxima
740 3000 927 3074 pretia
965 2999 1267 3073 proposita
1311 3006 1447 3055 sunt
1491 3000 1583 3055 his
1628 3000 1732 3073 qui
1772 2994 2054 3073 singulari
2081 3001 2414 3073 ⁸certamine

206 3077 475 3133 viucunt.
558 3076 703 3141 Haec
730 3079 822 3153 est
844 3078 1158 3151 sepultura}
1186 3078 1340 3153 apud
1363 3076 1620 3134 Thracas
1649 3077 1814 3133 ratio,
2234 3086 2250 3149 ζ

198 3164 203 3173 ·
291 3156 350 3210 9.
392 3155 443 3211 Α
492 3156 905 3230 septemtrione
956 3148 1130 3227 hujus
1185 3157 1443 3233 regionis
1497 3158 1737 3229 quinam
1799 3154 2068 3212 habitent
2116 3156 2406 3225 homines,

206 3246 320 3307 pro
359 3240 523 3290 certo
566 3234 759 3291 dicere
800 3252 974 3291 nemo
1024 3243 1236 3309 potest.
1270 3234 1279 3247 ”
1317 3234 1474 3309 Illud
1522 3235 1760 3311 quidem
1801 3233 2058 3307 adparet,
2092 3253 2218 3293 esse
2259 3244 2412 3293 trans

202 3315 421 3385 Istrum
444 3311 737 3381 desertam
764 3323 975 3370 terram
1005 3322 1064 3371 et
1089 3314 1394 3371 infinitam.
1466 3314 1631 3370 Solos
1658 3319 1889 3381 tantum
1917 3314 2222 3387 resciscere
2245 3316 2413 3391 potui

198 3394 368 3450 ‘trans
420 3391 642 3449 Istrum
688 3392 1019 3451 habitantes
1065 3394 1350 3460 homines,
1380 3393 1591 3465 quibus
1641 3408 1861 3463 nomen
1905 3393 2244 3466 perhibetur
2288 3412 2414 3453 esse

201 3467 515 3549 signinae,
544 3472 778 3529 Medica
802 3479 963 3531 veste
985 3480 1219 3535 utentes
1242 3495 1256 3528 ε
1303 3489 1555 3546 quorum
1583 3489 1762 3545 equos
1789 3470 1952 3526 aiunt
1978 3488 2100 3527 esse
2129 3481 2254 3529 toto
2280 3492 2413 3530 cor-

200 3546 353 3627 'po're
374 3550 661 3623 hirsuto&
692 3551 823 3624 pilis
850 3551 920 3607 ad
962 3553 1217 3625 quinque
1259 3550 1476 3625 digitos
1519 3550 1713 3625 longis
1731 3574 1748 3619 3
1794 3548 2036 3624 exiguos
2064 3549 2220 3618 illos,
2249 3562 2306 3609 et
2335 3554 2413 3609 si-

206 3647 365 3697 mos,
396 3635 456 3684 et
483 3646 692 3702 parum
712 3629 941 3687 validos
963 3632 1034 3688 ad
1064 3632 1220 3685 viros
1247 3630 1544 3686 vehendos
1565 3654 1582 3699 3
1628 3628 1906 3703 plaustris
1933 3638 2133 3686 autem
2145 3624 2412 3701 junctOS‚

204 3726 337 3765 esse
366 3708 765 3781 velocissimos
784 3733 801 3779 3
846 3727 978 3765 eam
1014 3709 1091 3765 ob
1132 3726 1367 3765 causam
1396 3708 1671 3780 plaustris
1705 3706 1838 3762 vehi
1867 3706 2190 3783 indigenas
2269 3708 2412 3784 Perf-

204 3788 399 3845 tinere
424 3794 622 3843 autem
651 3786 862 3857 horum
889 3787 1033 3845 fines
1061 3788 1185 3843 fere
1209 3804 1398 3859 usque
1434 3787 1508 3843 ad
1547 3786 1783 3850 EnetOS,
1809 3785 1909 3859 qui
1938 3784 2010 3841 ad
2038 3784 2270 3841 Adriam
2305 3786 2406 3843 ha-

206 3866 426 3921 bitant.
506 3866 558 3941 ᾼ
588 3862 794 3939 'Medis
840 3864 1035 3924 autem
1067 3884 1191 3923 sese
1231 3875 1393 3921 ortos
1431 3866 1654 3921 dicunt.
1733 3866 2010 3925 Quonam
2057 3881 2196 3919 vero
2241 3872 2410 3937 pacto

198 3944 525 4013 'Medorum
554 3944 615 3999 hi
640 3944 865 3999 fuerint
887 3942 1102 4011 coloni,
1130 3953 1409 4019 exputare
1433 3944 1702 4017 equidem
1727 3958 1845 3999 non
1870 3956 2060 4015 queo:
2101 3942 2199 3997 sed
2228 3944 2411 4020 longo

198 4020 509 4095 'temporis'
532 4030 727 4079 tractu
764 4022 895 4077 fieri
947 4025 1147 4099 ntique
1196 4022 1387 4079 multa
1436 4030 1701 4097 possunt.
1791 4020 2083 4075 Caeterum
2133 4011 2414 4097 Sigynnae

200 4103 365 4176 apud
391 4101 648 4179 Ligures
676 4119 850 4175 super
870 4102 1195 4165 Massiliam
1226 4094 1574 4173 habitantes,
1598 4095 1868 4158 institores
1891 4108 2175 4156 vocantur
2195 4126 2212 4173 3
2236 4102 2410 4178 'apud

200 4178 865 4257 ‚Cyprias'·vero,»lzastoe.
1011 4186 1028 4194 ‘
1105 4182 1129 4191 ''
1184 4182 1189 4189 '
1322 4204 1331 4211 ·
2100 4194 2131 4205 ··
