2925 4992
510 341 550 394 s
1078 297 1583 393 Hsaouon
1646 327 2018 392 ms‘roa.
2080 331 2130 394 1.

512 495 670 550 intra
691 501 842 566 quos
869 490 988 548 duo
1017 491 1297 568 ingentia
1331 491 1583 549 vulnera
1603 489 1822 550 Milesii
1854 505 2149 566 accepere,
2178 507 2371 550 unum
2414 489 2621 568 praelio
2648 493 2727 551 ad

509 571 870 630 Limeneum
923 570 982 626 in
1037 571 1300 646 ipsorum
1353 569 1571 627 finibus
1620 570 1958 637 commisso,
2008 570 2261 628 alterum
2316 571 2378 628 in
2436 571 2728 632 Moeandri

507 667 743 725 campo.
822 648 1061 706 Horum
1102 649 1380 710 undecim
1419 663 1720 705 annorum
1762 665 1867 706 sex
1910 648 2103 706 adhuc
2146 647 2475 725 Sadyattoe,
2514 648 2725 726 Ardyis

507 729 694 796 filius,
735 727 892 802 apud
939 728 1136 801 Lydos
1177 739 1550 806 regnaverat,
1590 728 1695 800 qui
1740 743 1849 801 per
1892 728 1953 784 id
2000 737 2232 802 tempus
2272 743 2413 786 cum
2464 730 2731 787 exercitu

506 809 660 866 (ines
705 805 1081 880 Milesiorum
1131 807 1503 878 incursabat3
1564 805 1867 879 Sadyattes
1912 806 2070 862 enim
2118 807 2216 863 hic
2260 808 2615 864 conflaverat
2664 809 2730 865 id

507 886 769 944 bellum:
815 885 1072 959 quimlue
1095 903 1236 942 vero
1257 884 1701 959 insequentibus
1722 885 1892 941 annis
1914 885 2197 960 Alyattes,
2222 884 2511 960 Sadyattis
2536 887 2730 954 filius,
2828 933 2842 940 -

503 965 737 1025 bellum
778 963 1044 1040 gerebat,
1071 965 1171 1038 qui
1210 963 1384 1028 illud,
1413 983 1450 1020 a
1490 970 1656 1038 patre
1690 961 1787 1034 (ut
1812 981 1987 1038 supra
2014 964 2191 1022 etiam
2232 965 2585 1036 memoravi)
2613 963 2731 1022 sibi

507 1044 822 1109 traditum,
863 1044 1086 1098 intente
1131 1050 1473 1116 persecutus
1520 1049 1625 1114 est.
1708 1043 1849 1103 Quo
1894 1045 1955 1098 in
2001 1043 2157 1099 bello
2202 1043 2355 1100 nulli
2402 1063 2437 1100 e
2476 1043 2731 1102 Ionibus

511 1121 902 1180 sublevat-unt
941 1121 1226 1188 Milesios,
1253 1129 1647 1196 preterquam
1683 1120 1820 1177 chii
1860 1119 2004 1176 solit
2050 1122 2361 1188 hiantem,
2390 1137 2567 1197 opem
2606 1123 2731 1179 illis

507 1202 786 1266 ferentes,
819 1199 1008 1256 vicem
1051 1201 1475 1273 rependerunt3
1524 1216 1661 1255 nam
1703 1207 1764 1256 et
1786 1199 2009 1258 Milesii
2046 1207 2219 1258 antea
2244 1201 2431 1270 Chiis,
2457 1201 2522 1258 in
2564 1201 2727 1258 bello

506 1297 649 1337 cum
677 1277 1021 1352 Erythraeis,
1051 1279 1270 1336 sociam
1301 1280 1688 1353 proestiterant
1714 1294 1971 1351 operam.
2678 1349 2682 1351 4

598 1363 688 1418 19.
729 1358 843 1414 Sed
885 1375 1038 1414 anno
1073 1357 1446 1423 duodecime,
1488 1357 1781 1413 succensis
1820 1355 1895 1413 ab
1940 1357 2201 1414 exercitu
2244 1359 2566 1434 segetibus,
2608 1359 2726 1417 hoc

505 1439 594 1496 rei
621 1436 851 1494 accidit.
931 1435 1300 1510 Simulatque
1323 1436 1585 1494 incensae·
1598 1442 1825 1510 segetes
1842 1444 2037 1503 eraut,
2062 1436 2257 1494 valido
2284 1445 2490 1495 coorto
2516 1444 2721 1505 vente,

507 1518 796 1576 Minervas
849 1515 1139 1590 templum
1193 1515 1550 1590 cognomine
1598 1514 1845 1571 Assesiae
1894 1514 2177 1587 corripuit
2224 1513 2488 1584 flamma,
2538 1533 2731 1591 eoque

505 1595 776 1653 incendio
800 1595 1093 1666 templum
1119 1593 1528 1669 conflagravit.
1580 1594 1731 1654 Quae
1758 1610 1849 1649 res
1876 1593 2161 1666 principio
2183 1594 2403 1650 >nullius
2432 1596 2723 1652 momenti

509 1682 602 1732 est
640 1673 880 1742 habita3
927 1672 1138 1730 deinde
1182 1689 1346 1738 vero,
1389 1680 1704 1746 postquam
1746 1669 1952 1728 Sardes
1996 1672 2262 1730 rediisset
2308 1674 2617 1741 exercitus,
2654 1675 2723 1730 in

507 1753 790 1812 morbum
817 1752 1080 1826 Alyattes
1105 1752 1325 1808 incidit.
1382 1751 1745 1808 Diuturnior
1766 1767 1957 1823 quum
1982 1757 2135 1808 esset
2164 1751 2426 1819 morbus,
2455 1752 2727 1826 Delphos

508 1834 669 1892 misit
693 1832 800 1905 qui
825 1829 1023 1885 Deum
1065 1830 1138 1887 de
1173 1829 1501 1886 ‘valitudine
1542 1830 1935 1896 consulerent,
1960 1831 2087 1885 sive
2126 1830 2321 1886 alieno
2362 1826 2609 1887 consilio
2648 1832 2727 1888 ad

507 1909 869 1970 mittendum
913 1909 1217 1975 inductus,
1247 1909 1372 1972 sive
1411 1925 1537 1965 sue.
1620 1907 1703 1964 Hi
1742 1924 1929 1980 quum
1963 1908 2251 1981 Delphos¹
2266 1910 2589 1978 venissent,
2619 1927 2727 1966 ne-

509 1991 678 2068 gavit
701 1985 904 2061 Pythia
928 2005 990 2044 se
1018 2003 1366 2062 responsum
1393 1987 1474 2044 eis
1502 1985 1857 2044 reddituram
1887 1985 2539 2060 priusquamMinervoe
2566 1997 2725 2046 tem·-

509 2071 681 2146 plum
706 2067 1118 2131 restituissent,
1145 2066 1306 2140 quod
1333 2066 1529 2122 Assesi
1552 2065 1615 2120 in
1639 2064 2011 2121 Milesiorum
2038 2083 2185 2139 agro
2210 2073 2586 2124 cremassent.

587 2153 688 2206 20.
731 2145 882 2204 Haec
909 2145 996 2201 ita
1020 2152 1149 2202 acta
1179 2161 1304 2201 esse
1342 2144 1613 2217 equidem
1644 2161 1718 2199 ex
1743 2140 2176 2217 Delphensibus
2202 2147 2407 2201 audire
2434 2143 2723 2203 memini:

508 2227 612 2286 sed
650 2225 873 2282 Milesii
911 2225 1038 2280 istis
1079 2225 1192 2280 hoc
1231 2219 1535 2294 adjiciunt,
1576 2222 1963 2278 Periandrum
2008 2223 2243 2296 Cypseli
2288 2224 2496 2292 filium,
2532 2241 2726 2298 quum

507 2305 767 2364 audisset
791 2305 1100 2360 oraculum
1126 2302 1376 2378 Alyattae
1409 2301 1726 2369 redditum,
1756 2319 1829 2357 ea
1850 2300 1926 2357 de
1962 2319 2023 2358 re
2048 2302 2514 2377 Thrasybulum,
2542 2301 2727 2361 Mile-

507 2387 734 2444 siorum
759 2392 904 2440 tune
927 2382 1210 2456 temporis
1237 2390 1578 2455 tyranuum,
1606 2380 1867 2453 hospitio
1892 2387 1955 2436 et
1984 2381 2247 2437 amicitia
2270 2381 2385 2438 sibi
2412 2383 2473 2438 in
2510 2383 2725 2456 primis

507 2459 912 2535 conjunctum,
941 2462 1122 2526 misso
1162 2459 1382 2518 nuncio
1417 2460 1623 2516 fecisse
1654 2459 1997 2529 certiorem3
2042 2477 2162 2533 quo
2196 2459 2318 2529 ille,
2344 2479 2408 2516 re
2448 2471 2583 2517 ante
2622 2479 2729 2517 co-

507 2544 699 2620 gnita,
727 2541 1040 2599 consilium
1065 2539 1302 2615 aliquod
1333 2539 1406 2596 ad
1435 2557 1559 2596 rem
1584 2538 1883 2613 pertinens
1910 2546 2161 2614 caperet.
2219 2537 2313 2596 Ita
2334 2540 2575 2616 quidem
2598 2539 2729 2598 Mi-

507 2623 641 2682 lesii
668 2639 794 2678 rem
821 2628 1050 2697 gestam
1077 2627 1340 2676 narrant.
2644 2671 2647 2674 ,

511 2725 522 2732 ·
575 2705 706 2758 m.-
730 2699 994 2774 Alyattes
1009 2717 1180 2766 arero,
1203 2697 1477 2758 nunciato
1501 2698 1731 2772 Pythiae
1756 2713 2061 2770 responso,
2092 2713 2427 2770 preconem
2448 2699 2729 2774 protinus

505 2780 788 2840 Miletum
835 2779 1020 2846 misit,
1061 2778 1324 2835 inducias
1365 2795 1505 2834 cum
1550 2777 1925 2852 Thrasybulo
1964 2783 2025 2833 et
2070 2775 2323 2834 Milesiis
2368 2778 2441 2834 ad
2490 2787 2730 2854 tempus

687 2875 787 2915 rus
811 2858 958 2914 dum
989 2858 1280 2932 templum
1309 2856 1641 2920 aedificaret.
1722 2856 2003 2914 Miletum
2032 2858 2178 2914 dum
2206 2873 2271 2912 se
2296 2857 2531 2914 confert
2552 2859 2729 2934 lega-

505 2948 630 3006 tus,
651 2937 1060 3012 Thrasybulus
1086 2937 1158 2992 de
1183 2941 1311 2992 tota
1335 2953 1398 2992 re
1420 2934 1649 3009 liquido
1676 2941 1851 2992 antea
1866 2935 2085 2992 certior
2108 2934 2323 3001 factus,
2352 2953 2459 2992 nec
2484 2937 2731 3012 ignarus

505 3018 650 3092 quid
687 3015 998 3074 moliretur
1021 3015 1310 3089 Alyattes,
1343 3015 1473 3070 haec
1511 3015 1905 3070 machinatur.
1976 3012 2291 3086 Quidquid
2333 3013 2617 3072 frumenti
2660 3016 2729 3074 iu

504 3097 656 3173 prbe
693 3101 838 3162 erat,
861 3102 989 3152 tam
1031 3111 1231 3160 suum,
1259 3109 1440 3167 quam
1482 3093 1871 3166 privatorum,
1900 3091 1961 3148 id
1998 3109 2181 3150 omne
2219 3092 2280 3148 in
2322 3090 2519 3149 forum
2558 3109 2731 3151 com·

507 3176 730 3251 portari
759 3174 963 3245 jussit,
1000 3170 1384 3247 praedixitque
1418 3172 1696 3238 Milesiis,
1724 3177 1823 3236 ut,
1858 3171 1965 3226 ubi
2004 3173 2242 3249 signum
2283 3171 2409 3246 ipse
2448 3172 2727 3241 dedisset,

505 3261 652 3314 tuuc
677 3248 1146 3327 compotationes
1171 3251 1741 3323 comessationesque
1766 3255 2003 3308 mutuas
2026 3251 2231 3308 cuncti
2254 3250 2643 3308 instituerent.

581 3335 684 3404 22,
725 3331 798 3389 Id
827 3331 968 3388 fecit
1012 3329 1400 3404 praedixitque
1423 3329 1833 3403 Thrasybulus
1870 3328 1985 3388 hoc
2010 3329 2281 3396 consilio,
2306 3336 2379 3386 ut
2404 3325 2725 3387 Sardianus

504 3414 758 3490 legatus,
785 3417 1102 3486 postquam
1141 3409 1452 3484 ingentem
1489 3407 1773 3466 frumenti
1810 3423 2087 3466 acervum
2130 3409 2197 3464 -in
2230 3409 2363 3464 foro
2406 3408 2722 3479 profusum

505 3499 566 3548 et
603 3490 876 3556 homines
915 3487 1158 3544 vidisset
1197 3486 1689 3545 oblectationibus
1718 3495 2021 3554 vacantes,
2046 3487 2299 3560 Alyatte
2325 3503 2447 3542 rem
2496 3503 2724 3546 renun-

380 3578 390 3583 ‘
501 3568 707 3628 cieret.
778 3567 967 3632 Quod
991 3573 1050 3624 et
1075 3565 1336 3624 factum:
1383 3583 1525 3624 nam
1568 3573 1877 3641 postquam
1912 3567 2029 3624 ista
2048 3563 2197 3622 vidit
2218 3563 2586 3634 caduceator,
2614 3583 2723 3624 ex-

503 3648 828 3723 positisque
849 3643 1224 3720 'l'hrasybulo
1253 3643 1408 3722 Lydi
1433 3644 1731 3702 mandatis
1766 3644 2012 3702 domum
2051 3643 2244 3711 rediit,
2268 3643 2497 3700 nullam
2538 3643 2723 3702 aliam

502 3727 584 3784 ob
609 3743 879 3784 caussam
905 3729 1010 3793 (ut
1035 3741 1148 3802 ego
1175 3723 1378 3791 audio)
1411 3741 1526 3798 pax
1550 3722 1885 3797 composita
1914 3730 2021 3780 est.
2100 3723 2303 3784 Quum
2326 3723 2487 3779 enim
2514 3723 2723 3780 existi·

479 3812 724 3864 ‘masset
746 3805 1010 3878 Alyattes
1029 3802 1444 3860 :vehementem
1465 3801 1757 3859 fmmeuti
1792 3803 2095 3875 penuriam
2123 3799 2319 3858 Miieti
2344 3819 2493 3868 esse,
2520 3817 2721 3876 popu-

501 3879 746 3960 lumque
769 3884 850 3942 ad
872 3890 1210 3940 >extremum
1251 3881 1543 3938 malorum
1576 3897 1703 3938 esse
1726 3879 2052 3948 redactum,
2080 3879 2309 3938 audivit
2332 3897 2407 3937 ex
2430 3881 2721 3940 caducea-

503 3971 631 4020 tore
681 3963 930 4020 domum
967 3955 1253 4026 redeunte
1293 3959 1587 4020 contraria
1614 3975 1827 4016 eorum
1868 3975 2011 4033 quoe.
2034 3967 2161 4017 erut
2196 3959 2490 4034 opinatus.
2570 3959 2723 4017 Inde

503 4041 706 4117 paullo
733 4049 866 4117 post
891 4057 1008 4115 pax
1031 4037 1346 4100 interillos
1367 4038 1683 4106 conciliata
1702 4044 1793 4096 est
1814 4037 1925 4095 hac
1950 4037 2105 4114 lege,
2132 4044 2201 4095 ut
2224 4044 2437 4094 mutuo
2455 4038 2721 4114 hospites

503 4127 705 4178 essent
750 4120 1008 4194 sociique
1025 4134 1046 4172 ε
1099 4126 1182 4185 et,-
1223 4135 1330 4192 pro
1373 4133 1495 4175 uno
1532 4115 1823 4175 Minerva
1864 4116 2092 4191 templo
2132 4116 2209 4173 ad
2247 4117 2553 4184 Assesum,
2572 4117 2717 4174 'duo

503 4198 816 4258 edificavit
842 4199 1124 4274 Alyattes,
1154 4197 1396 4273 ipseque
1424 4213 1463 4254 e
1494 4195 1707 4255 morbo
1738 4193 2063 4266 convaluit.
2143 4193 2295 4254 Haec
2334 4195 2519 4272 igitur
2562 4196 2717 4254 ratio
