2925 4992
1062 308 1186 371 Eu
1200 308 1524 369 TERPE.
2309 318 2382 373 91

166 470 351 537 colcu,
390 468 927 537 alinum-aurem,
954 468 1207 527 aliarum
1247 470 1457 541 ruber3
1503 472 1782 527 caeterum
1828 469 2140 537 tota-avis,
2169 470 2382 531 habitu

164 557 227 607 et
250 550 685 623 magnitudine,
712 548 929 627 aquilae
949 544 1206 605 maxime
1234 548 1552 605 simillima.
1633 545 1972 605 Phoenicem
2001 548 2163 605 hunc
2189 547 2375 618 aiunt,

167 629 317 687 mihi
368 629 611 702 quidem
664 645 877 703 parum
928 626 1226 685 credibilia
1281 638 1600 693 [ιω-ωηερε,
1653 627 1846 683 haecce
1899 626 2256 685 machinari:
2303 647 2380 687 ex

164 707 377 767 Arabia
428 708 919 780 proficiscentem,
968 708 1031 763 in
1086 706 1237 763 Solis
1294 706 1584 779 templum
1629 714 1861 779 portare
1903 714 2128 779 patrem
2175 726 2378 777 suum,

166 788 409 860 myrrha
428 787 855 853 circumlitum,
882 786 1043 841 etin
1091 784 1314 859 templo
1360 784 1512 841 Solis
1553 784 1816 857 sepelire.
1899 784 2138 841 Portare
2178 794 2377 845 autem

166 882 305 925 eum
334 865 695 937 hoemodoj
738 867 997 939 primam
1042 864 1337 939 myrrham
1388 865 1453 919 in
1507 862 1606 918 ovi
1649 863 1897 921 formam
1949 860 2169 939 tingere
2221 866 2374 923 tanti

169 942 471 1017 ponderis,
496 952 795 1019 quantum
838 942 989 999 ferre
1034 943 1158 1015 ipse
1198 943 1417 1015 possit3
1464 942 1598 997 dein
1640 942 1880 999 ferendo
1919 942 2062 999 illud
2091 946 2376 1018 experiri}

167 1022 445 1097 factoque
470 1024 893 1097 experimento,
924 1039 1205 1079 excavare
1230 1040 1435 1087 ovum,
1478 1029 1537 1077 et
1579 1030 1802 1093 patrem
1843 1020 2007 1079 intus
2045 1040 2288 1095 ponere,
2319 1032 2378 1081 et

168 1118 285 1173 qua
312 1109 481 1175 parte
508 1103 607 1157 ovi
634 1103 897 1159 excavati
928 1107 1153 1175 patrem
1201 1100 1466 1165 inseruit,
1492 1118 1622 1154 eam
1660 1100 1779 1155 alia
1803 1102 2041 1173 myrrha
2065 1102 2326 1159 oblinere
2357 1126 2368 1158 :

167 1180 249 1237 ita
274 1181 509 1253 pondus
536 1182 777 1254 inpositi
827 1180 1007 1253 patris
1043 1176 1199 1235 idem
1241 1196 1365 1235 esse
1407 1186 1583 1251 atque
1615 1177 1806 1235 fuerat
1831 1178 1929 1233 ovi
1955 1180 2218 1251 pondus:
2261 1182 2374 1239 hoc

166 1254 415 1332 denique
456 1261 636 1321 modo
687 1259 1087 1316 circumlitum
1120 1265 1348 1330 patrem
1374 1266 1606 1333 gestare
1633 1274 1770 1313 eum
1797 1257 1856 1313 in
1888 1259 2036 1315 Solis
2065 1254 2376 1335 templum.

167 1337 315 1397 Haec
344 1337 539 1397 facere
566 1356 738 1395 avem
769 1338 932 1393 illam
960 1344 1217 1393 narrant.

238 1418 341 1473 ⁷4.
388 1418 541 1473 Sunt
592 1425 791 1475 autem
840 1415 993 1473 eirca
1033 1414 1269 1471 Thebas
1318 1417 1461 1471 sacri
1513 1420 1800 1487 serpente-e,
1841 1414 1986 1471 nihil
2034 1414 2374 1475 hominibus

162 1496 349 1564 noxii,
380 1496 542 1555 haud
565 1512 709 1553 sane
734 1496 961 1569 magni,
991 1492 1219 1553 duobus
1246 1494 1518 1551 cornibus
1545 1492 1832 1559 instructi,
1862 1511 1894 1549 e
1924 1512 2160 1551 summo
2189 1497 2378 1569 capite

162 1576 375 1633 enatis·
456 1575 611 1642 Hos,
634 1582 947 1648 postquam
994 1572 1214 1629 mortui
1259 1580 1421 1640 sunt,
1466 1573 1530 1629 in
1579 1570 1742 1627 Jovis
1785 1572 2009 1646 templo
2043 1574 2373 1647 sepeliuut5

160 1654 303 1711 huic
328 1654 494 1711 enim
529 1655 657 1711 Deo
682 1660 875 1709 sacros
903 1669 1027 1709 esse
1051 1652 1269 1709 dicunt.

239 1738 343 1796 ¹75.
386 1732 499 1789 Est
544 1750 685 1789 vero
728 1733 791 1787 in
820 1731 1035 1789 Arabia
1059 1730 1246 1795 locuS,
1276 1748 1350 1785 ex
1382 1729 1628 1785 adverso
1669 1728 1871 1802 oppidi
1913 1728 2074 1785 Buto
2119 1731 2378 1789 maxime

162 1812 311 1871 situs
336 1837 357 1883 3
406 1829 587 1887 quem
612 1812 811 1867 locum
856 1810 980 1883 ipse
1018 1809 1162 1874 adii,
1190 1826 1377 1882 quum
1426 1808 1721 1863 audissem
1753 1825 1884 1881 quae
1933 1808 2004 1863 de
2045 1810 2378 1882 serpentibus

162 1891 476 1947 volucribus
496 1898 824 1947 narrantur.
904 1888 994 1945 Eo
1022 1897 1091 1945 ut
1116 1886 1379 1961 perveni,
1408 1886 1528 1941 vidi
1546 1903 1680 1941 ossa
1705 1896 1764 1942 et
1792 1887 1987 1959 spinas
2015 1898 2374 1961 serpentum,

164 1969 447 2028 ineffabili
491 1969 906 2025 multitudine:
950 1974 1120 2024 erant
1160 1966 1324 2022 enim
1369 1960 1672 2039 spinarum
1714 1966 1929 2031 acervi,
1959 1961 2212 2037 majores
2253 1968 2376 2037 alii,

164 2049 263 2105 alii
310 2049 599 2114 minoreS,
626 2056 801 2121 atque
848 2047 1124 2110 minores,
1165 2045 1392 2119 ingenti
1446 2061 1712 2107 numem.
1791 2043 1900 2099 Est
1944 2054 2138 2101 autem
2188 2047 2376 2119 locuS‚

160 2125 265 2185 ubi
290 2128 497 2185 effusae
524 2128 617 2183 hae
640 2127 825 2201 spinae
854 2120 1081 2195 jacent,
1110 2119 1448 2193 hujusmodi
1472 2146 1484 2179 :
1531 2140 1605 2177 ex
1640 2124 1910 2197 angustis
1958 2125 2262 2182 montibus
2293 2126 2380 2183 in-

165 2209 379 2267 tmitus
408 2206 585 2261 estin
612 2223 887 2280 magnam
922 2202 1247 2277 planitiem,
1278 2220 1421 2276 agro
1449 2201 1739 2277 AEgyptio
1773 2203 2136 2277 contiguam.
2217 2204 2374 2261 Nar-

162 2294 299 2346 rant
344 2286 557 2361 igitur,
598 2286 837 2341 ineunte
870 2301 1005 2339 vere
1032 2300 1105 2337 ex
1128 2280 1344 2337 Arabia
1369 2280 1704 2355 AEgyptum
1746 2298 1949 2337 versus
1977 2282 2250 2339 advolare
2274 2302 2379 2339 vo-

162 2365 355 2423 lucres
412 2370 747 2437 serpentem
808 2362 921 2419 ibes
966 2368 1165 2419 autem
1194 2378 1351 2425 aveS,
1402 2366 1778 2433 occurrentes
1823 2359 1937 2415 illis
1993 2360 2054 2417 in
2107 2360 2378 2421 faucibus

162 2439 343 2515 hujus
371 2443 657 2517 regioniS,
685 2441 847 2499 aditu
868 2438 1179 2515 prohibere
1196 2446 1518 2512 serpenteS,
1542 2437 1788 2513 illosque
1815 2455 2043 2497 necare.
2123 2439 2206 2495 Et
2227 2440 2380 2501 hanc

156 2523 239 2581 ob
264 2540 547 2582 caussam
570 2538 795 2595 magno
836 2521 897 2577 in
940 2519 1165 2575 honore
1196 2517 1271 2573 ab
1294 2516 1600 2593 AEgyptiis
1625 2516 1827 2573 haberi
1857 2516 1999 2582 ¹ibin,
2042 2517 2207 2573 aiunt
2233 2520 2378 2575 Ara-

164 2601 305 2671 bes;
347 2610 416 2657 et
468 2600 823 2674 profitentur
870 2598 1045 2655 etiam
1087 2596 1385 2673 AEgyptii,
1432 2614 1504 2651 ea
1555 2612 1761 2653 caussa
1811 2612 1875 2651 se
1927 2596 2100 2655 hasce
2135 2615 2272 2653 aves
2315 2599 2378 2655 in

162 2680 386 2739 honore
417 2679 650 2738 habere.
1583 2724 1589 2731 .

238 2764 341 2822 ¹76.
382 2758 619 2831 Species
644 2765 845 2813 autem
873 2755 1030 2811 ibidis
1056 2753 1190 2811 talis
1218 2759 1340 2809 est:
1385 2752 1581 2809 colore
1599 2752 1920 2809 admodum
1947 2752 2118 2829 nigro
2135 2753 2260 2813 avis
2289 2763 2379 2813 est

163 2855 267 2915 per
306 2845 515 2899 totum
561 2854 797 2911 corpus,
844 2833 1086 2909 pedibus
1126 2832 1315 2909 gruiS,
1358 2838 1551 2890 rostro
1599 2850 1776 2905 quam
1817 2832 2072 2888 maxime
2121 2832 2378 2902 adunco,

162 2916 576 2992 magnitudine
600 2923 823 2989 quanta
844 2931 999 2971 crex.
1074 2910 1403 2986 Nigrarum
1427 2910 1670 2977 scilicet,
1691 2927 1824 2984 quae
1851 2928 1988 2967 cum
2014 2913 2378 2985 serpentibus

162 3004 487 3071 pugnant.
514 2996 641 3051 haec
680 2994 899 3067 species
926 2998 1051 3051 est:
1098 2990 1220 3057 sed,
1266 3006 1397 3063 quae
1436 2997 1571 3045 ante
1610 2990 1784 3063 pedes
1827 2988 2146 3045 hominum
2188 2992 2380 3065 magis

162 3082 499 3140 versantur,
532 3074 673 3145 (duo
704 3072 867 3131 enim
910 3076 1049 3129 sunt
1095 3069 1263 3126 ibium
1300 3068 1527 3143 genera)
1563 3066 1651 3123 hae
1677 3068 1868 3141 capite
1901 3074 1960 3122 et
2001 3067 2223 3123 cervice
2255 3076 2381 3131 tota

160 3154 341 3211 nudae
364 3154 553 3223 sunm
598 3169 809 3226 pennae
850 3149 1089 3225 quidem
1122 3147 1381 3221 corporis
1423 3144 1592 3213 albae,
1635 3146 1735 3201 sed
1773 3154 1948 3219 caput
1987 3153 2048 3200 et
2095 3146 2292 3203 cervix
2317 3154 2380 3203 et

163 3241 446 3289 extremae
472 3230 583 3287 alae
608 3239 983 3303 extremaque
1010 3226 1214 3293 cauda,
1241 3224 1445 3282 omnia
1464 3225 1590 3283 haec
1615 3225 1788 3299 nigra
1807 3222 2126 3281 admodum
2150 3247 2163 3280 ε
2209 3244 2307 3281 cru
2317 3246 2383 3283 ra

154 3322 221 3367 et
240 3318 507 3371 rostrum
538 3309 729 3367 simile
754 3309 923 3365 alteri
944 3306 1169 3381 generi.
1248 3304 1429 3361 Porro
1458 3314 1792 3378 serpentum
1819 3302 2028 3369 forma,
2055 3320 2202 3377 quos
2221 3304 2376 3373 dixi,

159 3391 377 3453 similis
402 3397 495 3445 est
537 3388 895 3462 hydrarum:
934 3386 1063 3444 alas
1106 3389 1305 3441 autem
1350 3382 1567 3439 habent
1607 3401 1726 3439 non
1768 3390 2071 3457 pennataS,
2104 3382 2203 3449 sed
2247 3402 2384 3441 ves-2

160 3468 497 3543 penmonis
536 3468 647 3523 alis
688 3465 1009 3525 admodum
1052 3458 1289 3521 similes,
1367 3460 1451 3517 Et
1503 3460 1628 3537 brec
1676 3461 1912 3537 quidem
1961 3461 2251 3521 hactenus
2299 3464 2380 3521 ,de

158 3549 341 3607 sacris
371 3546 579 3603 bestiis
604 3546 763 3609 dicta
784 3552 977 3603 sunto.
2105 3594 2111 3601 .

238 3633 343 3691 ¹77.
384 3624 476 3683 Ad
504 3624 885 3681 AEoxrnos.
913 3625 1053 3696 ipsos
1076 3621 1250 3695 quod
1292 3619 1545 3685 adtinet,
1573 3617 1638 3673 hi
1664 3618 1763 3697 qui
1792 3634 1922 3675 eam
1947 3617 2201 3693 AEgypti
2243 3637 2378 3693 par·-

156 3713 289 3763 tem
308 3705 614 3770 incolunt,
644 3721 776 3778 quoe
800 3701 1077 3761 seminari
1106 3701 1278 3765 solet,
1306 3698 1575 3756 omnium
1617 3696 1930 3755 hominum
1969 3698 2225 3753 maxime
2253 3716 2378 3755 me-

152 3786 373 3845 ·moriae
400 3801 599 3843 rerum
620 3791 923 3857 gestarum
951 3781 1093 3839 dant
1118 3796 1391 3852 operam3
1436 3784 1694 3849 suntque
1719 3774 1897 3850 longe
1923 3776 2214 3839 omnium,
2240 3794 2378 3836 cum

164 3864 377 3937 quibus
416 3863 679 3937 aliquam
728 3860 1000 3917 notitiam
1050 3856 1461 3919 contraxerim,
1507 3854 1898 3912 eruditissimi.
2001 3852 2136 3907 Vztae
2177 3862 2380 3915 autem

162 3946 376 3999 catione
415 3949 675 3999 utuntur
719 3939 869 3999 tali.-
902 3935 1187 4013 -Singulis
1238 3934 1540 3993 mensibus
1590 3950 1694 4007 per
1738 3941 1852 3991 tres
1905 3931 2221 3989 continuos
2256 3933 2380 3990 dies

154 4029 425 4099 -purgant
462 4036 704 4094 corpus,
732 4017 1055 4075 vomitibus
1102 4023 1162 4071 et
1211 4011 1556 4088 clysteribus
1593 4006 1901 4070 sanitatem
1928 4016 2240 4077 sectantes,
2269 4011 2382 4083 rati

150 4116 213 4157 -a
234 4100 395 4169 cibis,
420 4118 579 4175 quos
600 4104 860 4158 sumunt
884 4096 1180 4161 homines,
1196 4093 1347 4164 ,oriri
1373 4092 1720 4149 morborum
1751 4105 1928 4145 omne
1951 4092 2161 4163 genus,
2228 4090 2384 4159 Sunt

170 4179 327 4241 enim
354 4177 719 4255 caeteroquin
762 4174 1061 4253 AEgyptii,
1088 4178 1223 4249 post
1252 4170 1498 4309 L2ibyas,
1524 4188 1646 4247 prae
1689 4167 1913 4249 caeteris
1935 4167 2236 4233 'omnibus
2273 4188 2383 4253 po-

1220 4266 1262 4309 ιτ
