2925 4992
1055 278 1567 369 P‘OLYMNIA.
2026 311 2039 319 ²
2299 312 2417 369 365

201 476 246 504 “
275 469 556 527 adversus
603 469 1016 533 Demaratum,
1065 468 1166 541 qui
1211 485 1394 527 meus·
1426 469 1638 544 hospes
1690 476 1799 537 est,
1852 467 2141 553 abstinere
2186 468 2401 527 dehinc

195 550 599 624 “quemlibet
615 546 856 620 jubeol’

279 632 416 685 238.
457 628 606 703 Haec
631 626 856 685 Xerxes
881 632 1196 702 postquam
1240 624 1408 693 dixit,
1439 644 1544 700 per
1588 644 1873 684 caesorum
1918 627 2198 685 cadavera
2238 635 2405 685 tran-

194 706 332 778 siit3
379 714 440 763 et
464 705 766 775 Leonidae,
783 715 854 763 ut
873 704 1098 763 audivit
1115 722 1318 795 regem
1339 706 1497 761 hunc
1518 714 1577 761 et
1596 707 1803 763 ducem
1825 705 2406 765 Lacedaemoniorum

195 785 407 851 fuisse,
435 784 700 842 abscindi
725 792 902 859 caput
927 792 988 842 et
1013 802 1046 840 e
1072 784 1208 858 palo
1233 782 1382 859 erigi
1401 779 1596 855 jussit.
1676 786 1761 841 Ac
1786 786 1935 841 mihi
1948 786 2197 859 quidem
2224 804 2408 860 quum
2452 778 2460 783 ⁶

195 865 333 921 aliis
357 860 750 930 documentis,
775 875 906 921 tum
929 880 1071 920 vero
1099 864 1356 919 maxime
1393 862 1508 919 hoc
1546 861 1699 937 ipso,
1730 864 1797 919 fit
1826 864 2229 930 manifestum,
2255 865 2408 921 Xer-

197 960 344 1000 xem
399 944 540 999 vivo
593 940 873 999 Leonidae
927 942 1193 999 omnium
1241 942 1554 998 hominum
1606 943 1863 998 maxime
1912 944 2125 999 iratum
2181 944 2405 1001 fuisse·
2388 984 2405 1000 .

191 1022 422 1096 alioqui
451 1022 610 1078 enim
637 1038 966 1095 numquam
991 1022 1058 1077 in
1085 1021 1306 1077 mortui
1331 1037 1543 1095 corpus
1570 1020 1657 1077 ita
1680 1020 1901 1078 nefarie
1926 1022 2237 1079 saeviturus
2259 1029 2408 1091 erat,

191 1098 680 1174 quandoquidem
703 1100 962 1165 maxime
984 1101 1276 1166 omnium,
1299 1116 1450 1187 quos
1461 1100 1641 1166 novi,
1663 1100 1977 1157 hominum
2008 1100 2197 1157 Persae
2222 1100 2411 1157 hono-

190 1197 327 1235 rare
341 1179 535 1266 ‘fortes
583 1180 740 1235 viros
785 1184 1225 1235 consueverunt.
1307 1174 1405 1233 lui
1452 1179 1657 1255 igitur,
1688 1178 1901 1252 quibus
1951 1179 2011 1235 id
2056 1178 2410 1253 imperatum

190 1265 310 1325 est,
330 1251 506 1328 jussa
531 1257 790 1315 exsecuti
817 1265 975 1313 sunt.

273 1341 416 1395 239.
461 1337 576 1393 Sed
599 1336 770 1391 redeo
799 1337 872 1391 ad
900 1354 1028 1393 eam
1059 1334 1480 1403 narrationem,
1510 1352 1687 1410 quam
1716 1336 1983 1410 superius
2008 1336 2412 1409 imperfectam

189 1415 424 1490 reliqui.
495 1416 706 1471 Parare
733 1432 932 1490 regem
961 1414 1388 1489 expeditionem
1415 1414 1693 1470 adversus
1722 1415 2009 1471 Graeciam
2038 1416 2210 1488 primi
2240 1415 2413 1471 resci-

185 1502 410 1553 verant
436 1492 889 1560 Lacedaemonii,
916 1494 1090 1567 idque
1113 1493 1261 1549 mira
1287 1493 1539 1565 quadam
1570 1493 1791 1549 ratione
1818 1494 2189 1549 resciverant.
2242 1492 2415 1550 Ideo-

187 1590 317 1647 que
345 1572 419 1629 ad
447 1569 804 1645 Delphicum
837 1573 1127 1629 miserunt
1164 1570 1489 1638 oraculum,
1518 1572 1625 1627 ulii
1664 1572 1810 1628 illud
1849 1572 1931 1627 eis
1954 1570 2178 1628 editum
2207 1579 2298 1629 est
2322 1582 2429 1628 re-'

191 1668 508 1727 sponsum,
537 1650 692 1725 quod
728 1650 906 1725 paulo
945 1652 1080 1707 ante
1105 1652 1581 1707 commemoravi.
1661 1650 2050 1707 Resciverant
2074 1658 2273 1707 autem
2300 1650 2416 1708 mi-

189 1730 375 1788 rabili
400 1730 655 1804 quadam
685 1732 925 1787 ratione.
1004 1730 1358 1786 Demaratus
1399 1730 1577 1797 enim,
1604 1729 1895 1786 Aristonis
1936 1730 2113 1796 filius,
2142 1728 2415 1789 exsulans

189 1809 358 1885 apud
403 1810 636 1875 Medos,
681 1815 748 1865 ut
788 1808 1060 1900 equidem
1111 1808 1404 1874 existimO,
1442 1818 1501 1864 ct
1545 1808 1689 1864 ratio
1734 1826 1970 1865 mecum
2010 1808 2250 1874 militat,
2292 1825 2417 1866 non

188 1891 354 1946 bene
381 1888 680 1945 animatus
704 1887 861 1943 fuit
843 1904 906 1942 ιιι
927 1886 1417 1943 Lacedaemonios.
1460 1884 1803 1957 Conjectare
1830 1888 2013 1962 igitur
2036 1886 2195 1953 licet,
2214 1894 2415 1945 utrum

188 1967 494 2025 benevolo
519 1968 632 2023 hoc
657 1964 862 2021 fecerit
888 1966 1090 2021 animo
1117 1984 1192 2020 an
1227 1965 1541 2021 insultandi
1570 1983 1791 2022 caussa.
1870 1966 2189 2040 Postquam
2216 1965 2417 2023 decre-

189 2047 290 2102 vit
321 2044 552 2102 Xerxes
591 2046 914 2102 exercitum
954 2044 1228 2099 adversus
1269 2044 1561 2100 Graeciam
1608 2044 1837 2111 ducere,
1870 2045 2228 2101 Demaratus
2270 2046 2418 2101 tunc

189 2124 368 2181 Susis
425 2138 699 2198 praesens,
743 2122 845 2179 ubi
895 2122 953 2178 id
1007 2123 1259 2190 rescivit,
1307 2123 1774 2179 Lacedaemoniis
1826 2124 2019 2181 voluit
2072 2123 2417 2199 significare.

191 2204 329 2267 Qui
377 2219 563 2276 quum
610 2202 785 2257 aliam
833 2202 1141 2268 rationem,
1177 2215 1293 2275 qua
1337 2202 1398 2257 id
1445 2204 1527 2258 eis
1574 2202 1949 2276 significaret,
1986 2216 2102 2257 non
2152 2202 2415 2271 haberet,

189 2296 392 2359 quum
423 2280 750 2355 periculum
776 2288 928 2336 esset
941 2298 1026 2336 ne
1050 2280 1596 2354 deprehenderetur,
1626 2280 1733 2335 tali
1770 2296 1912 2335 usus
1940 2284 2029 2335 est
2063 2282 2418 2339 commenta

179 2364 421 2419 Sumta
447 2357 744 2433 duplicata
767 2359 1006 2426 tabella,
1035 2372 1228 2414 ceram
1257 2366 1330 2413 'ex
1357 2376 1426 2414 ea
1456 2359 1652 2425 erasit,
1682 2366 1740 2413 et
1770 2359 1943 2433 ligno
1972 2359 2204 2433 tabellae
2230 2358 2420 2416 consi-

185 2438 350 2499 lium
378 2436 592 2495 Xerxis
621 2438 950 2512 inscripsit:
995 2454 1112 2510 quo
1135 2438 1322 2503 facto,
1343 2439 1634 2511 scriptum
1660 2438 1816 2493 istud
1844 2437 2039 2493 infusa
2068 2454 2198 2493 cera
2221 2437 2420 2495 denuo

177 2518 476 2583 obduxit,
507 2535 580 2575 ne
609 2518 829 2573 nudam
859 2517 1076 2573 ferenti
1115 2515 1392 2572 tabellam
1431 2515 1704 2573 molestia
1730 2516 2102 2573 exhiberet-ur
2128 2535 2163 2571 a
2189 2515 2419 2577 viarum

195 2597 574 2656 custodibus,
652 2596 975 2669 Postquam
1027 2604 1168 2651 vero
1222 2595 1710 2652 Lacedaemonem
1761 2594 1987 2669 perlata
2038 2593 2271 2651 tabella
2302 2604 2418 2662 est,

193 2672 536 2748 conjectare
569 2673 1026 2739 Lacedaemonii,
1061 2674 1203 2748 quid
1243 2675 1326 2731 rei
1367 2682 1541 2741 esset,
1572 2675 1735 2748 prius
1764 2690 1896 2731 non
1924 2683 2205 2749 potuere,
2238 2670 2419 2749 quam

199 2760 304 2830 (ut
327 2754 601 2829 equidem
625 2752 850 2827 accepi)
883 2752 1216 2809 Cleomenis
1253 2754 1392 2818 filia,
1419 2753 1701 2809 Leonidae
1724 2771 1901 2820 uxor,
1930 2756 2157 2839 Gorge,
2187 2770 2285 2810 eos
2313 2753 2422 2815 do-

198 2836 444 2892 cuisset.
523 2832 676 2888 Haec
717 2833 875 2887 enim
921 2850 982 2888 re
1009 2842 1206 2889 secum
1235 2838 1554 2907 perpensa,
1584 2832 1744 2888 eradi
1784 2847 1978 2889 ceram
2017 2828 2217 2903 jussit,
2244 2840 2425 2927 atque

195 2916 320 2973 ita
327 2915 392 2969 in
431 2912 596 2989 ligno
635 2918 967 2980 reperturos
1007 2928 1134 2967 esse
1175 2914 1527 2985 scripturam
1574 2910 1693 2966 ait·
1734 2911 1831 2966 cui
1870 2911 2259 2985 obsequentes
2304 2904 2418 2980 illi,

197 2996 368 3051 intus
397 2990 612 3064 scripta
645 2998 988 3065 repererunt
1013 2990 1433 3065 legeruntque,
1465 3006 1533 3045 ac
1564 2988 1775 3045 deinde
1814 2990 2052 3063 reliquis
2080 2988 2304 3047 Graecis
2327 2988 2418 3047 le-

201 3072 426 3149 genda
421 3070 738 3128 miserunt.
821 3068 988 3127 Haec
998 3068 1179 3146 igitur
1201 3071 1286 3129 ita
1312 3076 1482 3145 gesta
1506 3084 1631 3125 esse
1658 3072 2005 3126 memorant.
