2925 4992
590 320 713 382 cu
1146 310 1660 377 HERODO'H
1725 312 2098 375 HIsToR.
2141 312 2246 372 lv.

576 475 851 537 mittente
876 473 1149 543 vizventi,
1168 480 1275 550 per
1300 474 1578 533 Herculis
1605 452 1908 533 colmnuas
1935 472 2272 539 transvecti,
2287 472 2635 533 Tartessum
2649 480 2782 547 pers

576 572 809 621 venere,
825 553 1031 611 divino
1054 555 1317 645 quodam
1340 555 1590 611 numine
1615 570 1718 609 eos
1746 553 2088 609 deducente.
2119 574 2124 582 ·
2172 554 2412 610 Erat-ea
2438 560 2782 626 tempestate

578 634 869 693 intactum
910 634 1023 689 hoc
1054 634 1431 708 emporium.
1469 634 1670 707 itaque
1711 632 1888 689 iidem
1930 632 2068 687 inde
2107 633 2431 697 redeunt-es,
2463 632 2780 689 maximum

542 710 549 723 ‘
580 714 923 769 Graecorum
952 713 1241 782 omnium,
1266 728 1522 785 quorum
1549 711 1762 767 certior
1785 712 2077 793 quaedam
2085 710 2157 767 ad
2203 729 2310 767 nos
2339 711 2551 767 notitia
2587 728 2780 784 perve-

576 792 691 858 nit,
720 810 795 847 ex
820 790 1112 847 mercibus
1154 792 1388 847 lucrum
1414 790 1724 859 fecerunt3
1775 797 1906 863 post
1934 777 2266 846 Sostratum
2302 790 2526 862 utique,
2558 788 2781 845 Laoda-

578 867 801 928 mantis
844 870 1057 936 filium,
1084 870 1473 945 AEginetam:
1517 887 1650 925 cum
1694 870 1806 925 hoc
1845 868 2004 923 enim
2051 886 2230 925 nemo
2253 870 2406 925 alius
2434 870 2781 926 contendere

579 956 793 1023 potest.
874 948 1061 1005 Samii
1102 967 1239 1005 vero
1264 948 1553 1005 decimam
1591 949 1740 1003 lucri
1781 957 2005 1020 partem
2037 950 2386 1013 eximentes,
2413 964 2517 1002 sex
2553 949 2780 1011 talenta,

580 1028 839 1085 ebenum
884 1026 1223 1085 faciendum
1264 1034 1568 1093 curarunt,
1611 1026 1684 1081 ad
1733 1026 1976 1081 crateris
2019 1027 2276 1101 Argolici
2334 1025 2606 1091 modum,
2641 1028 2785 1083 circa

578 1106 739 1181 quod
781 1114 921 1161 sunt
964 1122 1220 1181 grypum
1264 1108 1459 1179 capita
1485 1106 1546 1161 in
1573 1105 1976 1179 quincuncem
2015 1106 2333 1178 disposita:
2377 1107 2492 1159 hoc
2536 1106 2782 1161 ahenum

580 1183 645 1243 in
668 1184 927 1241 Junonis
952 1186 1175 1259 templo
1202 1184 1564 1251 dedicarunt,
1591 1183 1940 1257 impositum
1974 1184 2162 1241 tribus
2190 1185 2363 1241 aeneis
2387 1184 2636 1241 colossis
2665 1202 2783 1257 sep-

579 1272 855 1321 tenorum
884 1264 1247 1331 cubitorum,
1278 1264 1379 1337 qui
1408 1264 1687 1339 genubus
1711 1263 2068 1319 innituntur.
2129 1263 2220 1319 Ab
2247 1263 2352 1319 illo
2381 1270 2654 1336 tempore
2677 1264 2782 1337 pri·

581 1358 753 1399 mum
792 1342 1007 1417 ingens
1048 1342 1309 1399 amicitia
1335 1342 1630 1415 Cyrenaeis
1651 1341 2032 1414 Ther-{eisque
2071 1358 2210 1399 cum
2240 1340 2454 1398 Samiis
2495 1350 2785 1399 eontracta

589 1428 695 1480 est.
1485 1451 1492 1459 ·

588 1540 597 1549 =
664 1503 797 1557 153.
836 1500 1069 1559 Theraei
1098 1512 1261 1565 vero,
1290 1508 1626 1575 postquam,
1656 1500 1864 1557 relicto
1908 1502 1970 1557 in
2011 1500 2205 1557 insula
2233 1500 2515 1566 Corobio,
2543 1500 2782 1558 Theram

580 1580 897 1648 redierant,
928 1582 1364 1646 renunciat-unt,
1384 1597 1494 1635 esse
1517 1598 1550 1635 α
1579 1598 1636 1635 se
1659 1582 1934 1637 insulam
1917 1598 1974 1637 m
1992 1580 2180 1653 Libyae
2205 1597 2302 1633 ora
2331 1580 2628 1639 conditam.
2668 1576 2780 1635 Pla·

582 1660 705 1717 cuit
734 1660 931 1735 igitur
959 1660 1237 1723 T‘lheraeiS,
1266 1670 1333 1714 ut
1358 1678 1393 1714 e
1434 1677 1486 1713 ει
1469 1659 1683 1734 'ugulis
1723 1660 1967 1716 ditionis
2011 1676 2132 1715 suoe
2173 1652 2338 1725 loeis,
2367 1674 2502 1732 quae
2547 1674 2782 1717 numere

582 1746 811 1813 septem
838 1748 1027 1805 erant,
1048 1739 1161 1795 viri
1187 1739 1582 1803 mitterentur,
1607 1739 1690 1793 ita
1707 1738 1948 1811 quidem
1974 1745 2044 1793 ut
2071 1738 2252 1793 frater
2271 1754 2406 1793 cum
2433 1737 2626 1795 fratre
2647 1744 2784 1793 sorte

580 1817 961 1875 contenderet·
980 1825 1115 1874 uter
1140 1818 1203 1873 in
1232 1818 1526 1873 coloniam
1553 1817 1776 1873 abiret.
1809 1817 2138 1891 ducemque
2163 1832 2366 1871 eorum
2393 1822 2578 1891 atque
2599 1832 2781 1891 regem

579 1896 829 1955 Battum
856 1896 1257 1987 designarunt.
1331 1896 1425 1951 lta
1448 1895 1634 1969 igitur
1659 1895 1802 1951 duas
1831 1913 2010 1952 naves
2034 1896 2467 1971 quinquaginta
2495 1911 2779 1951 remorum

582 1976 647 2033 in
678 1974 943 2031 Plateam
969 1976 1281 2031 miserunt.

587 2092 597 2101 -
666 2054 801 2112 154.
841 2053 991 2112 Haee
1044 2053 1273 2110 Theraei
1330 2063 1702 2110 memorant.
1765 2054 1826 2111 in
1883 2054 2108 2127 reliqua
2160 2054 2494 2111 narratione
2539 2016 2782 2109 Thermis

582 2148 720 2190 eum
758 2132 1058 2207 Cyrenaeis
1102 2134 1399 2189 convenit.
1481 2132 1659 2199 Nam,
1699 2133 1854 2205 quod
1906 2134 1975 2189 ad
2022 2134 2266 2193 Battum
2311 2140 2566 2207 spectat,
2603 2130 2781 2188 neuti-

580 2228 760 2287 quam
789 2228 924 2269 cum
952 2211 1213 2269 Ther-seis
1242 2212 1506 2298 Cyrenaei
1535 2213 1930 2269 consentiunt.
1971 2211 2124 2267 Rem
2153 2214 2316 2269 enirn
2343 2213 2401 2267 hi
2429 2214 2516 2269 ita
2545 2218 2781 2267 narrant.

579 2290 693 2353 Est
724 2292 917 2349 Cretes
952 2291 1099 2347 urbs
1116 2290 1310 2355 AxuS,
1338 2286 1508 2361 cujus
1549 2308 1648 2345 rex
1695 2292 1812 2346 fuit
1856 2291 2232 2348 Etearchus
2282 2291 2338 2349 ls
2379 2308 2572 2365 quum
2615 2290 2780 2345 filiam

582 2370 825 2429 haberet
870 2376 1065 2426 matre
1104 2370 1332 2436 orbum,
1367 2370 1610 2425 nomine
1656 2370 2058 2435 Phronima'm,
2089 2372 2268 2427 aliam
2315 2371 2496 2427 duxit
2537 2384 2782 2425 uxorem.

582 2450 735 2509 Haee
776 2457 927 2521 post.
944 2450 1103 2505 illius
1129 2458 1377 2506 matrem
1406 2449 1651 2505 domum
1679 2448 1874 2515 ducta,
1899 2450 2089 2505 voluit
2114 2446 2292 2507 etiam
2324 2467 2384 2506 re
2411 2451 2545 2523 ipsa
2570 2463 2782 2504 noverca

510 2604 519 2610 .
580 2548 709 2587 esse
740 2528 1096 2594 Phronimae,
1124 2528 1331 2583 multis
1363 2545 1495 2583 eam
1524 2527 1697 2583 malis
1737 2527 2084 2596 adficiendO,
2113 2538 2174 2585 et
2201 2529 2496 2601 quidlibet
2523 2527 2782 2583 adversus

582 2625 716 2665 eam
737 2607 1077 2666 moliendo:
1114 2606 1186 2661 ad
1216 2614 1571 2670 extremum,
1603 2606 1986 2679 impudicitiae
2015 2608 2319 2664 crimen·ei
2347 2608 2639 2673 inferens,
2667 2622 2781 2679 per-

583 2686 771 2744 sua'sit
798 2686 1012 2743 marito
1038 2702 1164 2741 rem
1192 2686 1274 2743 ita
1310 2702 1452 2741 esse.
1535 2684 1616 2740 Et
1653 2686 1774 2749 ille,
1805 2702 2112 2758 persuasus
2155 2688 2230 2741 ab
2269 2702 2477 2753 uxore,
2508 2685 2780 2741 nefarium

585 2766 648 2823 in
694 2764 879 2823 filiam
920 2764 1155 2821 facinus
1200 2764 1590 2819 machinatur.
1669 2765 1888 2821 Aderat
1935 2775 2076 2821 tunc
2129 2767 2232 2821 Axi
2281 2767 2628 2831 Themison,
2655 2764 2782 2819 civis

584 2844 891 2909 Thermae,
934 2851 1325 2901 mercaturam
1376 2842 1616 2899 faciens.
1699 2843 1900 2909 Hunc,
1943 2843 2198 2918 hospitio
2248 2855 2591 2917 exceptum,
2631 2839 2780 2914 jure-

576 2921 837 2996 jurando
860 2921 1173 2997 adstringit
1196 2922 1273 2977 ad
1298 2938 1536 2994 operam
1579 2921 1694 2977 sibi
1733 2923 1792 2977 in
1821 2940 1892 2977 ea
1919 2940 1998 2987 re,
2028 2940 2209 2997 >quam
2237 2924 2312 2979 ab
2357 2924 2460 2979 illo
2505 2924 2779 2995 petiturus

584 3010 762 3068 esset,
790 3001 1137 3059 navandam,
1192 3002 1313 3063 Qui
1340 3018 1525 3073 quum
1555 3002 1901 3074 interposito
1919 2997 2258 3069 juramento
2287 3003 2466 3059 fldem
2495 3020 2664 3059 suam
2691 3000 2779 3055 de-

584 3082 1113 3147 disset-„adductam
1138 3080 1193 3135 ei
1216 3079 1449 3135 tradidit
1480 3079 1664 3137 filiam
1689 3098 1880 3146 suam,
1902 3076 2118 3149 jubens
2141 3090 2210 3139 ut
2237 3082 2558 3144 abductam
2591 3082 2650 3137 iu
2675 3080 2780 3137 alto

580 3161 735 3223 mari
758 3160 1140 3235 demergeret.
1220 3159 1566 3225 Themison,
1595 3158 1862 3215 fraudem
1893 3155 2278 3229 jurisjurandi
2305 3160 2777 3235 indigneferens,

584 3240 789 3299 soluto.
824 3239 1099 3312 hospitio,
1134 3238 1327 3295 haecce
1365 3238 1524 3295 fecit.
1603 3238 1858 3311 Accepta
1899 3240 2119 3313 puella,-
2153 3241 2288 3296 navi
2329 3238 2633 3314 profectoe
2667 3244 2776 3295 est:

583 3320 689 3376 ubi
726 3335 867 3375 vero
908 3318 970 3373 in
1016 3317 1139 3373 alto
1178 3316 1311 3383 fuit,
1342 3334 1459 3389 quo
1501 3334 1564 3375 se
1604 3318 1933 3373 exsolveret
1963 3315 2356 3388 jurisjurandi
2397 3316 2680 3393 religione
2715 3314 2779 3371 ab

580 3397 875 3459 Eteflrcho
916 3396 1029 3453 sibi
1070 3394 1287 3462 oblata,
1319 3393 1558 3453 funibus
1600 3395 1907 3471 religatam
1955 3398 2216 3471 puellam
2249 3399 2320 3455 -in
2347 3415 2516 3455 mare
2543 3393 2776 3459 demisit,

582 3493 905 3550 rursusque
930 3482 1249 3537 extractam
1278 3492 1480 3531 secum
1507 3474 1762 3548 Thea-am
1789 3476 1974 3531 duxit.

670 3559 799 3615 15⁵.
840 3554 985 3614 Inde
1024 3554 1409 3612 Phronimam
1448 3552 1696 3611 domum
1737 3572 1910 3611 suam
1949 3558 2160 3613 sumsit
2197 3556 2638 3631 Polymnestus,
2659 3572 2773 3629 spe·

577 3643 779 3697 ,ctatus
817 3634 909 3690 vir
946 3633 1103 3706 apud
1132 3632 1431 3701 Theraeos,
1453 3650 1640 3707 eaque
1681 3649 1788 3705 pro
1826 3634 2034 3707 pellice
2065 3653 2208 3693 usus
2235 3649 2341 3693 est.
2423 3637 2774 3691 Cir-eumaem

576 3724 1069 3789 ternporenatus
1108 3720 1199 3767 est
1240 3710 1377 3769 huic
1410 3730 1484 3769 ex
1525 3713 1646 3775 illa,
1666 3712 1844 3779 filius,
1873 3714 2012 3769 exili
2045 3716 2182 3789 [sive
2217 3718 2422 3787 potius,
2448 3710 2770 3781 haesitante]

582 3812 729 3853 voce
752 3802 815 3851 et
848 3792 1245 3862 balbutiente,
1232 3816 1245 3829 ·
1292 3792 1392 3847 cui
1434 3808 1650 3847 nomen
1687 3791 2026 3864 impositum
2069 3802 2158 3850 est
2197 3794 2432 3857 Battus,
2461 3802 2530 3849 ut
2555 3792 2774 3866 quidem

581 3873 811 3933 Theraei
836 3883 898 3929 et
924 3871 1193 3946 Cyrenaei
1216 3870 1416 3927 aiunt:
1459 3878 1534 3928 ut
1561 3888 1700 3926 vero
1727 3871 1878 3927 mibi
1903 3872 2157 3939 videtur,
2187 3872 2348 3929 aliud
2371 3872 2590 3929 statim
2603 3872 2773 3945 impo-

578 3954 789 4013 sinun-
808 3952 865 4010 ei
886 3966 1119 4010 nomen
1162 3956 1323 4019 erat3
1366 3950 1580 4007 Battus
1631 3964 1768 4005 vero
1809 3949 2025 4007 deinde
2065 3952 2328 4015 demum,
2372 3960 2682 4025 postquam
2719 3948 2771 4003 in

580 4030 839 4107 hibyam
868 4028 1147 4103 pervenit,
1174 4028 1514 4088 nominatus
1539 4036 1650 4095 est,
1679 4029 1920 4087 nomine
1942 4038 2146 4097 sumto
2169 4032 2244 4087 ab
2279 4030 2524 4087 oraculo
2553 4026 2700 4103 quod
2725 4025 2772 4083 ei

582 4110 835 4185 Delphis
858 4108 1086 4167 editum
1116 4117 1261 4173 erat,
1292 4115 1351 4163 et
1376 4125 1413 4165 a
1436 4107 1730 4181 dignitate
1753 4124 1936 4180 quam
1977 4110 2134 4167 inter
2159 4126 2296 4167 suos
2324 4108 2572 4166 hahuit:
2613 4122 2770 4179 regum

582 4188 741 4249 enim
753 4188 982 4265 Libyes
1010 4182 1253 4248 Battum
1280 4196 1538 4260 vocant,
1585 4202 1770 4262 caque
1793 4186 1869 4245 de
1909 4206 2121 4247 caussa
2155 4196 2302 4265 puto
2327 4184 2639 4264 Pythiam,
2651 4202 2768 4243 ora·
