2925 4992
542 304 661 357 363
1066 294 1562 355 HERODOTI
1623 291 1991 353 HISTOR.
2047 292 2218 351 VIII.

536 456 699 515 edito
726 474 761 513 a
786 454 1429 529 circumnavigantibus
1469 453 1664 527 signe,
1695 452 1770 507 de
1795 468 1912 525 quo
1953 459 2324 519 convenerat,
2349 455 2624 515 certiores
2659 472 2758 515 ee-

540 545 669 595 sent
698 536 861 602 facti,
890 536 963 591 ad
990 535 1189 592 locum
1216 533 1608 589 constitutum
1637 530 1770 593 illos
1809 530 2159 603 pervenisse.
2239 531 2406 589 Dum
2423 532 2506 591 “hi
2531 535 2614 591 ita
2627 537 2758 593 ‹cir-

536 616 977 689 cumnavigant,
1007 614 1243 669 interim
1271 612 1355 667 illi
1392 610 1548 685 apud
1573 608 1828 682 Aphetas
1867 609 2224 683 reliquarum
2264 612 2512 677 navium
2544 613 2760 676 ineunt

536 710 875 751 numerum.

616 777 673 841 8,
724 773 831 827 Per
870 772 1025 829 idem
1075 784 1215 825 vero
1258 775 1512 840 tempus,
1549 784 1670 840 quo
1709 784 2028 825 numerum
2071 766 2130 821 hi
2179 766 2440 827 inierunt
2487 773 2760 841 navium,

536 868 719 925 quum
746 858 897 907 esset
934 851 994 906 in
1020 849 1131 907 hoc
1156 847 1414 905 exercitu
1440 843 1678 921 Scyllias
1705 846 2026 910 ScionaeuS,
2053 842 2322 904 omnium
2352 850 2620 923 optimus
2651 854 2754 909 illa

538 936 715 987 aetate
740 931 1033 997 urinator,
1060 928 1160 1002 qui
1198 923 1377 983 etiam
1414 926 1476 979 in
1505 924 1822 999 naufragio
1857 924 1929 979 ad
1958 924 2192 981 Pelium
2218 924 2378 991 facto
2415 931 2642 989 multas
2670 948 2763 989 ιω

534 1007 822 1081 pretiosas
850 1007 1039 1065 Persis
1070 1015 1423 1070 servaverat,
1450 1004 1782 1075 multasque
1819 1004 1965 1068 item.
2005 1003 2129 1077 ipse
2169 1004 2564 1077 adquisixerat
2601 1010 2756 1081 sibi,

536 1086 785 1159 Scyllias
828 1086 925 1141 hic
959 1081 1085 1155 jam
1136 1082 1361 1158 pridem
1404 1081 1720 1137 consilium
1753 1081 1990 1153 quidem
2027 1082 2356 1157 agitaverat
2395 1086 2474 1143 ad
2517 1088 2760 1145 Graecos

538 1164 995 1239 transfugiendi,
1044 1182 1155 1229 nec
1199 1178 1339 1217 vero
1389 1169 1529 1215 ante
1580 1160 1740 1217 hunc
1785 1160 1942 1217 diem
1987 1161 2358 1217 occasionem
2405 1164 2766 1240 exsequendi

536 1243 765 1303 consilii
786 1251 913 1299 erat
938 1252 1167 1302 nactus.
1211 1240 1271 1295 Is
1302 1239 1484 1313 igitur
1507 1256 1626 1313 quo
1653 1246 1828 1311 pacto
1856 1256 2010 1297 nunc
2035 1238 2110 1295 ab
2137 1238 2382 1312 Aphetis
2411 1244 2488 1299 ad
2515 1244 2759 1303 Graecos

534 1321 881 1397 pervenerit,
911 1340 1017 1394 pro
1056 1328 1215 1379 certo
1240 1318 1431 1375 (licere
1473 1334 1592 1373 non
1637 1335 1914 1391 possum:
1961 1317 2142 1373 miror
2170 1334 2309 1373 vero
2354 1320 2404 1375 si
2445 1340 2592 1381 veta
2621 1333 2760 1382 sunt

534 1418 667 1474 quae
692 1409 1025 1459 narrantur.
1065 1400 1327 1457 Narrant
1352 1397 1542 1461 enim,
1571 1396 1734 1453 hunc
1759 1396 2088 1462 hominem,
2117 1404 2432 1470 postquam
2457 1419 2534 1457 ex
2559 1401 2757 1475 Aphe..

533 1479 613 1537 tis
636 1496 801 1537 mare
828 1478 1125 1545 subiisset,
1152 1493 1275 1536 non
1307 1475 1468 1547 prius
1495 1475 1798 1532 emersisse
1824 1492 2000 1549 quam
2031 1474 2104 1529 ad
2131 1475 2512 1541 Artemisium
2543 1498 2754 1555 perve-

534 1558 741 1623 nisset,
771 1556 931 1613 viam
971 1558 1121 1615 banc
1146 1554 1452 1629 octoginta
1485 1553 1804 1611 admodum
1845 1553 2167 1611 stadiorum
2205 1571 2309 1627 per
2343 1574 2510 1617 mare
2549 1577 2755 1617 emen-

534 1652 691 1693 sum.
774 1634 1187 1693 Memorantur
1226 1632 1465 1706 quidem
1507 1633 1579 1687 de
1617 1632 1824 1690 eodem
1866 1632 2104 1689 homine
2145 1640 2206 1689 et
2243 1632 2384 1699 alia,
2413 1636 2758 1695 fabularum

534 1715 789 1789 speciem
820 1713 1133 1783 habentia3
1178 1712 1279 1768 sed
1318 1712 1379 1766 in
1411 1711 1524 1775 his,
1555 1728 1692 1765 vera
1735 1710 2034 1765 nonnulla.
2117 1710 2202 1767 Ut
2228 1729 2422 1769 meam
2447 1714 2524 1771 (le
2557 1716 2669 1773 hac
2695 1735 2755 1773 re

536 1794 731 1863 dicam
771 1791 1152 1858 sententiam,
1184 1790 1426 1865 navigio
1456 1789 1554 1845 ille
1585 1790 1657 1851 ad
1681 1789 2064 1853 Artemisium
2102 1792 2452 1862 pervenerit.
2533 1794 2624 1852 Ut
2649 1814 2758 1853 au-

534 1881 659 1943 tem
698 1889 769 1942 eo
812 1872 1099 1946 pervenit,
1135 1870 1405 1942 protinus
1444 1868 1692 1935 ducibus
1726 1870 2068 1926 Graeeorum
2093 1875 2170 1925 =et
2207 1870 2598 1946 naufragium
2634 1892 2758 1947 quo

534 1944 713 2007 niodo
757 1950 983 2007 factum
1024 1951 1103 2005 sit
1140 1948 1436 2021 exposuit,
1464 1954 1528 2013 et
1565 1946 1999 2005 circummissae
2041 1945 2198 2006 circa
2235 1947 2532 2012 Euboeam
2574 1968 2757 2011 naves

534 2026 831 2085 iudicavit.

576 2100 589 2119 ⁸
614 2110 669 2163 9.
710 2106 823 2166 His
860 2106 1033 2163 rebus
1060 2105 1339 2183 cognitis,
1366 2104 1760 2162 deliberarunt
1789 2103 2018 2159 Graeci:
2063 2103 2384 2178 multisque
2423 2106 2598 2169 dictis
2623 2128 2756 2167 sen-

534 2184 757 2252 tentiis,
786 2184 1164 2245 decreverunt
1202 2202 1276 2243 eo
1318 2183 1413 2242 die
1453 2182 1538 2238 ibi
1577 2199 1819 2242 manere
1859 2181 2292 2256 stationemque
2329 2202 2588 2254 servare,
2619 2197 2755 2262 post

534 2262 791 2321 mediam
828 2272 1029 2321 autem
1069 2270 1309 2321 noctem
1346 2262 1662 2328 discedere,
1691 2260 2060 2334 navibusque
2087 2260 2380 2320 Euboeam
2419 2266 2752 2327 circumna-

532 2342 875 2417 vigantibus
900 2343 1137 2407 obviam
1166 2343 1267 2399 ise.
1347 2340 1582 2398 Deinde
1606 2356 1768 2405 vere,
1795 2346 1862 2395 ut
1897 2356 2072 2395 nemo
2100 2348 2303 2400 contra
2327 2359 2431 2400 eos
2469 2346 2754 2422 enaviga-

532 2422 643 2487 vit,
668 2421 781 2479 sub
808 2422 951 2477 solis
976 2438 1251 2480 occasum
1278 2420 1389 2492 ipsi
1414 2420 1690 2478 adversus
1714 2417 2002 2478 Barbaros
2027 2419 2440 2482 excursionem
2471 2423 2754 2493 fecerunt,

532 2499 861 2573 periculum
886 2500 1102 2560 facturi
1129 2499 1365 2575 generis
1401 2494 1622 2574 pugnae
1643 2514 1763 2571 quo
1789 2496 1876 2553 illi
1900 2497 2064 2553 usuri
2091 2505 2305 2565 essent,
2333 2508 2396 2557 et
2417 2505 2754 2579 pei-ruptio-

535 2580 627 2635 nis
649 2596 755 2653 per
782 2577 1023 2637 hostiles
1051 2594 1251 2637 naves.

620 2662 713 2714 10.
755 2658 924 2721 Quos
946 2658 1149 2730 paucis
1180 2654 1429 2715 navibus
1462 2655 1736 2713 adversus
1763 2670 1890 2711 sese
1916 2654 2220 2714 tendentes
2245 2658 2572 2731 conspicati
2593 2661 2756 2721 mm.

532 2743 623 2792 tes
650 2734 938 2809 ducesque
968 2735 1207 2801 XerxiS,
1239 2733 1393 2791 male
1434 2750 1610 2791 sanos
1649 2751 1747 2789 eos
1790 2750 1914 2789 esse
1953 2733 2378 2803 existimantes,
2405 2737 2678 2801 educunt
2697 2749 2758 2799 et

532 2813 643 2889 ipsi
672 2831 877 2880 naves,
906 2813 1078 2874 facile
1103 2832 1167 2871 se
1196 2814 1329 2871 illos
1367 2813 1788 2886 intercepturos
1830 2820 2167 2885 sperantes:
2213 2813 2510 2886 probabili
2549 2819 2758 2893 utique

532 2907 659 2966 spe,
676 2900 747 2949 ut
764 2894 865 2968 qui
886 2893 1223 2951 Graecorum
1240 2908 1418 2951 naves.
1436 2891 1588 2948 adeo
1605 2908 1821 2965 paucas
1840 2890 2130 2958 viderent,
2147 2908 2285 2949 suas
2306 2911 2448 2951 vero
2469 2903 2530 2953 et
2547 2899 2758 2961 multis

532 2971 802 3051 psi-tibus
830 2974 1264 3035 numerosiores
1286 2979 1347 3027 et
1384 2970 1600 3027 melius
1629 2971 1996 3045 navigantes.
2075 2968 2224 3035 Haec
2264 2970 2352 3037 iffi
2391 2976 2754 3049 cogitantes,

530 3051 759 3115 medios
782 3052 1019 3111 Graecos
1061 3050 1603 3110 circumcluserunt.
1683 3048 1780 3105 Ibi
1821 3054 1971 3116 tum,
1999 3050 2358 3121 quicumque
2395 3069 2472 3111 ex
2508 3054 2756 3117 Ionibus

530 3129 685 3191 bene
710 3130 1037 3204 cupiebant
1056 3130 1303 3197 Graecis,
1330 3136 1391 3186 et
1418 3128 1594 3185 inviti
1619 3126 1978 3194 militabant,
2008 3128 2072 3185 hi
2112 3127 2178 3188 in
2217 3130 2482 3192 maxima
2505 3133 2754 3197 edomi-

532 3216 657 3267 tate
683 3208 985 3283 ponebant
999 3209 1157 3283 quod
1188 3208 1321 3265 illos
1347 3206 1604 3280 undique
1627 3206 1855 3271 cinctos
1877 3205 2168 3272 viderent,
2191 3224 2298 3271 nec
2323 3226 2532 3270 eorum
2555 3212 2754 3273 ullum

532 3304 849 3348 evasurum
888 3288 1336 3351 existimarunt:
1382 3286 1468 3345 ita
1495 3286 1816 3359 desperatae
1859 3284 1949 3345 his
1993 3285 2132 3349 visae
2171 3295 2338 3347 erant
2379 3305 2471 3345 res
2507 3290 2752 3355 Gumo-

530 3384 681 3421 rum.
762 3366 995 3431 Quibus
1020 3374 1221 3426 autem
1248 3365 1592 3427 lubentibus
1619 3382 1688 3428 es
1711 3382 1802 3424 res
1827 3364 2140 3430 acciderat,
2171 3363 2232 3427 hi
2275 3367 2488 3431 acriter
2507 3369 2672 3433 iuter
2693 3391 2756 3437 se

528 3444 986 3511 contendebant,
1024 3455 1091 3502 ut
1130 3446 1379 3519 quisque
1418 3443 1668 3517 primus,
1705 3443 1844 3504 navi
1888 3451 2062 3517 capta
2096 3442 2314 3511 Attica,
2352 3450 2672 3519 praemium
2717 3470 2754 3509 a.

530 3540 671 3598 rege
708 3524 1032 3598 acciperet:
1080 3542 1217 3581 nam
1242 3522 1686 3587 Atheniensium
1726 3521 2032 3597 potissima
2057 3521 2207 3582 ratio
2240 3524 2394 3598 apud
2424 3534 2752 3605 utrumque

528 3600 793 3662 hostium
820 3604 1149 3668 exercitum
1172 3602 1518 3665 habebatur.
2639 3661 2644 3669 ¹

612 3686 705 3739 11.
744 3682 961 3749 Graeei,
989 3700 1171 3757 quum
1200 3681 1391 3739 adhuc
1414 3680 1609 3739 fronte
1636 3679 1702 3742 in
1737 3681 1992 3757 longum
2015 3680 2236 3743 directa
2276 3698 2480 3754 proras
2507 3687 2750 3747 nuvium

528 3761 798 3825 omnium
828 3760 987 3819 hosti
1013 3762 1291 3821 adversas
1318 3759 1680 3826 habuissent,
1707 3767 1776 3817 ut
1801 3759 2028 3823 editum
2053 3765 2144 3823 est
2185 3757 2451 3834 signum,
2481 3767 2748 3838 primum

526 3857 753 3914 puppes
796 3838 861 3905 in
904 3840 1173 3900 medium
1212 3844 1666 3897 contraxerunt:
1711 3837 1946 3905 deinde,
1983 3838 2168 3903 uitem
2209 3840 2372 3901 edito
2410 3843 2608 3919 signo,
2641 3847 2750 3903 ad-

527 3920 713 3993 gressi
736 3926 881 3983 sunt
900 3936 1051 3994 opus
1068 3936 1087 3989 3
1118 3928 1177 3975 et
1202 3920 1265 3975 in
1290 3914 1576 3993 exiguum
1598 3917 1738 3975 licet
1757 3917 2016 3991 spatium
2035 3915 2312 3985 conclusi,
2334 3915 2466 3989 jam
2483 3938 2521 3979 a
2549 3922 2754 3983 sponte

530 3997 791 4071 undique
824 3998 915 4071 (in
938 3998 1173 4067 orbem)
1208 3998 1498 4071 impetum
1522 3996 1584 4053 in
1611 3996 1810 4057 hostes
1836 3996 2122 4055 fecerunt.
2209 3997 2302 4055 lbi
2327 4006 2476 4059 tune
2499 4000 2756 4077 triginta

528 4084 808 4146 ceperunt
832 4092 1019 4138 naves
1050 4076 1474 4143 Barbarorum,
1501 4082 1564 4131 et
1593 4074 1964 4143 Philumena,
1992 4075 2292 4139 chersidis
2315 4076 2532 4147 filium,
2555 4080 2756 4157 Gorgi

529 4153 977 4219 Salaminiorum
1004 4155 1165 4232 regis
1192 4155 1461 4223 fratrem,
1485 4162 1816 4229 spectatum
1845 4155 1908 4215 in
1933 4150 2195 4219 exeicitu
2217 4155 2432 4219 virum.
2509 4158 2756 4219 Primus
