2925 4992
1093 264 1473 325 URANIA.
2271 268 2389 330 391

163 432 337 501 perta
376 428 554 490 esset,
582 422 711 479 sola
750 422 889 497 quid
933 422 1273 481 faciendum
1314 424 1696 499 perspexisse.
1777 425 1930 485 Quoe
1975 423 2079 480 ubi
2121 425 2379 493 advenit,

159 504 463 561 submotis
488 503 832 559 consiliariis
860 502 1047 559 Persis
1072 511 1133 558 et
1158 504 1530 572 satellitibus,
1549 505 1674 560 haec
1699 502 1772 559 ad
1797 520 1931 559 eam
1955 502 2184 561 Xerxes
2206 506 2386 562 verba

161 585 345 645 fecit:
392 590 435 613 “
468 582 757 639 Hortatur
780 600 877 639 me
903 582 1269 648 Mardonius,
1288 592 1355 639 ut
1378 584 1476 639 hic
1499 600 1794 648 maneam,
1825 590 1884 637 et
1909 581 2412 655 Peloponnesum,

158 670 205 705 -“
238 658 584 735 adgrediar-3
631 660 851 727 diesne,
882 660 1085 717 Persas
1112 669 1173 716 et
1202 662 1524 734 pedestrem
1551 662 1869 717 exercitum
1901 661 2120 717 nullius
2144 662 2388 719 calami-

166 748 213 772 “
246 742 415 805 tatis,
442 758 575 813 quae
602 740 776 795 nobis
814 740 1138 806 accidisset,
1166 741 1401 813 culpam
1448 742 1754 805 sustinere,
1783 748 1842 795 et
1868 738 2140 795 lubentes
2167 742 2296 796 illos
2327 758 2388 797 re

168 824 209 852 “
245 820 377 891 ipsa
407 820 517 873 hoc
544 835 669 873 esse
698 818 1229 875 demonstraturos„
1296 821 1398 875 Me
1426 819 1610 894 igitur
1635 820 1736 873 ille
1765 824 1870 873 aut
1896 818 2008 873 hoc
2033 818 2224 875 facere
2254 821 2389 876 hor-

162 905 214 945 ¹“
242 906 426 961 tatur,
474 906 575 953 aut
624 898 750 969 ipse
792 898 945 953 velle
990 916 1073 963 se,
1103 898 1205 963 ait,
1237 916 1373 954 cum
1429 898 1658 954 selectis
1707 897 1780 953 de
1821 897 2079 953 exercitu
2121 899 2391 955 trecentis

161 984 207 1027 .“
240 977 507 1033 millibus
530 976 823 1032 Graeciam
848 976 996 1033 mihi
1026 976 1251 1033 tradere
1294 978 1355 1033 in
1398 978 1740 1032 servitutem
1767 975 2059 1033 redactam
2082 1000 2100 1045 3
2161 994 2258 1033 me
2293 978 2391 1051 ip·

160 1062 207 1097 -“
240 1073 379 1115 sum
417 1063 619 1111 autem
652 1050 827 1124 jubet
859 1072 999 1111 cum
1046 1055 1281 1128 reliquis
1328 1053 1513 1129 copiis
1545 1072 1708 1111 meas
1751 1054 1824 1111 ad
1869 1052 2032 1119 sedes
2075 1055 2390 1113 discedere.

165 1141 216 1167 “
248 1134 349 1191 Tu
375 1134 579 1208 igitur,
606 1150 792 1205 quum
820 1134 997 1190 etiam
1024 1135 1096 1190 de
1122 1152 1322 1210 pugna
1366 1135 1586 1199 navali,
1619 1150 1794 1207 quam
1823 1134 2210 1207 suscepimus,
2241 1134 2392 1191 bene

193 1212 397 1269 ‘mihi
424 1211 803 1281 consulueriS,
828 1228 1055 1287 negans
1086 1213 1247 1269 illam
1274 1212 1727 1287 suscipiendam,
1751 1228 1910 1267 nunc
1929 1228 2162 1286 quoque
2188 1214 2389 1279 suade,

160 1298 210 1334 -“
240 1298 453 1349 utrum
476 1291 687 1347 horum
708 1290 978 1347 faciendo·
1004 1294 1215 1349 rectius
1239 1292 1583 1370 feliciusque
1608 1293 1778 1349 rebus
1805 1292 1952 1349 meis
1977 1293 2386 1349 consuluerol'

249 1372 386 1425 102.
426 1369 575 1428 Haec
592 1370 927 1427 consulenti
953 1370 1183 1427 Xerxi
1168 1389 1229 1426 m
1256 1360 1411 1427 h'unc
1442 1370 1683 1427 modum
1709 1368 2021 1427 Artemisia
2044 1372 2384 1461 respondit.

164 1455 214 1481 “
240 1447 526 1514 Difficile,
554 1447 713 1514 Rex,
740 1456 828 1505 oet
856 1450 937 1505 ita
975 1468 1072 1506 me
1111 1467 1237 1507 esse
1264 1450 1510 1506 felicem
1524 1455 1594 1505 ut
1621 1449 1733 1505 tibi
1773 1444 2136 1506 consultanti
2163 1451 2390 1524 optima

158 1534 215 1569 5‘
244 1526 461 1587 dicam.
562 1526 986 1585 Verumtamen
1026 1529 1087 1584 in
1134 1530 1402 1602 praesenti
1458 1525 1653 1583 r'erum
1697 1534 1856 1583 statu
1896 1528 2196 1601 optimum
2241 1529 2391 1585 mihi

161 1606 501 1670 “videtur,
530 1613 599 1663 ut
628 1613 695 1663 tu
716 1606 955 1669 domum
976 1608 1279 1664 revertaris
1300 1633 1313 1677 3
1360 1604 1746 1663 Mardonium
1765 1624 1930 1672 vero,
1957 1606 2006 1661 si
2027 1606 2138 1663 ista
2161 1606 2390 1665 efficere

158 1691 211 1723 ‘⁶
239 1684 375 1739 vult
402 1686 625 1758 tibique
654 1684 874 1757 recipit,
907 1686 1001 1741 hic
1024 1702 1165 1742 cum
1208 1688 1293 1743 eis
1330 1702 1480 1759 quos
1523 1686 1783 1758 postulat
1812 1686 2121 1757 relinquas.
2202 1686 2387 1761 Nam,

157 1770 211 1796 “
237 1764 369 1820 sive
410 1763 509 1819 ille
550 1780 639 1827 ea,
669 1781 801 1836 quse
841 1764 1038 1821 animo
1082 1766 1207 1839 agit
1254 1766 1697 1838 polliceturque,
1727 1764 2056 1836 perfecerit,
2087 1764 2256 1837 eique
2297 1784 2390 1822 res

156 1850 212 1875 “
242 1858 319 1899 ex
360 1843 655 1899 sententia
694 1844 1055 1910 successerit,
1082 1851 1275 1910 tuum,
1304 1844 1459 1909 Rex,
1493 1843 1604 1897 hoc
1647 1842 1872 1899 facinus
1907 1844 2051 1911 erit3
2097 1845 2184 1899 tui
2227 1844 2390 1900 enim

156 1927 215 1969 ·“
242 1922 397 1977 servi
441 1921 501 1977 id
526 1921 773 1977 fecerint
800 1944 814 1976 ι
860 1921 985 1977 sive
1024 1930 1229 1978 contra
1266 1920 1566 1977 Mardonii
1595 1922 1948 1977 sententiam
1974 1938 2066 1977 res
2091 1922 2405 1989 ceciderit,·

157 2008 215 2049 .“
247 2018 369 2057 non
401 2000 607 2075 ingens
633 1999 814 2058 fuerit
840 2000 1165 2067 calamitas,
1188 2001 1355 2056 salvo
1382 2009 1444 2057 et
1471 2010 1527 2055 te
1555 2006 1617 2057 et
1641 1999 1853 2056 domus
1883 2010 2000 2055 tuae
2038 2008 2213 2057 statu.
2293 2002 2392 2059 Tu

156 2087 183 2131 .‘
195 2085 215 2110 ‘
244 2080 407 2137 enim
438 2082 485 2133 si
512 2078 711 2135 salvus
740 2079 919 2136 fueris
942 2078 1267 2153 domusque
1292 2087 1421 2145 tua,
1444 2078 1635 2135 multa
1664 2080 2107 2154 frequentiaque
2135 2081 2393 2152 pericula

161 2164 218 2190 “
246 2156 321 2213 de
348 2158 536 2216 salute
574 2174 681 2213 sua
721 2157 969 2214 adibunt
1011 2158 1218 2215 Graeci.
1288 2154 1614 2214 ·Mardonio
1639 2174 1778 2213 vero
1821 2160 1870 2213 si
1912 2158 2052 2231 quid
2097 2156 2390 2225 acciderit,

158 2242 213 2269 “
240 2254 369 2295 non
420 2236 575 2293 tanti
630 2236 835 2292 fuerit
854 2238 1167 2307 momenti,
1231 2253 1421 2309 neque
1471 2236 1684 2301 Graeci,
1737 2236 1964 2292 etiamsi
2010 2235 2390 2293 Mardonium

156 2322 212 2355 μ’
240 2316 511 2381 vicerint,
541 2316 837 2389 insignem
885 2315 1311 2389 reportaverint
1356 2314 1662 2369 victoriam
1697 2330 1865 2369 servo
1911 2323 2017 2369 tuo
2061 2315 2393 2371 interemto.

160 2394 343 2453 “Tu
372 2412 517 2452 vero
545 2396 797 2451 incensis
823 2394 1065 2450 Athenis
1092 2393 1439 2460 discesseriS,
1471 2388 1640 2463 cujus
1689 2392 1772 2447 rei
1817 2410 2021 2449 caussa
2065 2386 2390 2466 expeditio-

158 2480 217 2519 ’Ὗ
247 2491 393 2533 nem
422 2474 575 2531 hanc
602 2473 961 2545 suscepisti.”

250 2557 387 2616 103.
428 2552 563 2609 Hoc
591 2552 856 2619 consiliu,
887 2559 955 2608 ut
982 2558 1438 2609 consentaneum
1469 2558 1617 2618 erat,
1649 2550 1966 2607 delectatus
1994 2558 2083 2608 est
2121 2550 2389 2609 XerxeS.

157 2643 505 2707 opportune
533 2632 689 2687 enim
718 2627 1031 2688 Artemisia
1058 2650 1127 2687 ea
1155 2632 1283 2705 ipsa
1306 2632 1554 2697 dixerat,
1583 2648 1715 2704 quae
1749 2630 1848 2687 ille
1887 2631 2084 2686 animo
2111 2631 2394 2705 agitabat.

154 2711 439 2775 Etenim,
468 2717 539 2768 ut
560 2710 707 2768 mihi
732 2706 972 2784 quidem
999 2710 1251 2777 videtur,
1280 2710 1512 2767 etiamsi
1537 2727 1746 2765 omnes
1775 2719 1832 2765 et
1855 2712 1968 2765 viri
1985 2719 2064 2765 et
2089 2708 2388 2777 muliereS,

156 2798 237 2847 ut
265 2790 349 2846 ibi
376 2796 659 2855 maneret,
688 2790 739 2845 ei
777 2790 1121 2856 suasissent,
1156 2806 1295 2845 non
1312 2797 1437 2845 erat
1473 2804 1818 2845 mansurus:
1870 2790 2016 2844 adeo
2061 2799 2226 2844 metu
2267 2796 2394 2846 erat

56 2922 61 2927 .
156 2868 490 2943 perculsus.
595 2868 785 2943 Igitur
831 2868 1101 2923 laudibus
1151 2868 1527 2923 Artemisiam
1583 2876 1926 2959 prosecutus
1979 2874 2087 2931 est,
2141 2884 2392 2941 eamque

156 2948 418 3013 dimisit,
448 2946 645 3003 {ilios
628 2948 811 3021 ipsius
842 2946 1140 3025 Ephesum
1168 2947 1522 3031 ducturam.
1569 2946 1677 3001 filii
1705 2946 1880 3002 enim
1919 2945 2190 3002 nonnulli
2217 2946 2390 3003 nothi

158 3044 306 3083 eum
334 3034 505 3081 erant
532 3027 734 3083 secuti.

249 3108 387 3163 104.
434 3106 586 3161 Cum
640 3105 767 3161 istis
820 3106 1017 3179 pueris
1063 3104 1291 3161 Xerxes
1346 3104 1650 3160 custodem
1707 3104 1870 3159 misit
1917 3102 2387 3173 Hermotimum,

153 3202 391 3260 genere
418 3183 829 3249 Pedasensem,
856 3184 959 3259 qui
981 3184 1239 3257 primum
1272 3184 1423 3239 inter
1446 3182 1752 3239 eunuchos
1777 3182 1977 3239 locum
2005 3183 2160 3255 apud
2189 3202 2388 3260 regem

156 3265 429 3324 tenebat.
526 3258 817 3319 Habitant
856 3264 1209 3319 Pedasenses
1254 3280 1429 3335 supra
1473 3261 1992 3321 Halicarnassum.
2039 3261 2192 3354 apud
2243 3280 2390 3337 quos

153 3342 277 3399 hoc
324 3342 417 3402 -rei
455 3340 643 3400 fertur
684 3340 961 3402 accidere.
1043 3340 1299 3403 Quando
1326 3334 1600 3397 finitimis
1644 3340 1938 3405 omnibus,
1967 3342 2068 3414 qui
2095 3342 2248 3397 circa
2275 3343 2388 3400 Be—

154 3424 308 3479 dasa
352 3419 639 3495 oppidum
682 3414 971 3486 habitant,
1001 3437 1182 3494 grave
1228 3418 1530 3494 quidpiam
1574 3421 1728 3475 intra
1761 3429 1987 3477 certum
2015 3428 2245 3494 tempus
2271 3422 2387 3479 im·-
2479 3435 2491 3443 “

152 3501 381 3567 minet,
410 3508 555 3558 tunc
596 3500 872 3556 antistitae
895 3499 1104 3572 templi
1130 3498 1444 3564 Minervae,
1475 3499 1626 3573 quod
1663 3499 1748 3554 ibi
1776 3506 1885 3566 est,
1913 3498 2154 3577 grandis
2203 3499 2390 3557 nasci-

154 3590 263 3637 tur
291 3579 513 3637 barba·
558 3578 618 3634 id
647 3573 847 3651 quod
824 3596 950 3649 Jam
980 3579 1069 3634 bis
1098 3578 1249 3651 apud
1280 3578 1413 3633 illos
1438 3577 1664 3633 accidit.

245 3662 391 3720 105.
432 3657 525 3713 Ex
564 3656 655 3712 his
683 3658 867 3731 igitur
894 3657 1321 3715 Pedasensihus
1346 3656 1760 3713 Hermotimus
1799 3664 1963 3713 erat:
2009 3658 2103 3714 cui
2137 3658 2388 3734 contigit

151 3736 587 3813 gratissimam
610 3738 907 3801 omnium,
938 3753 1084 3811 quos
1112 3735 1406 3801 novimus,
1434 3736 1726 3792 ultionem
1773 3735 2042 3793 obtinere
2081 3738 2141 3791 in
2189 3737 2386 3793 homi-

153 3838 307 3879 nem
340 3836 379 3874 a
405 3831 525 3888 quo
572 3816 787 3884 injuria
811 3814 1002 3871 fuerat
1052 3814 1335 3870 adfectus.
1416 3812 1658 3870 Etenim
1703 3814 1858 3871 bello
1896 3822 2136 3907 captum
2177 3826 2238 3870 et
2285 3834 2386 3872 ve-

156 3898 530 3958 numdatum
584 3894 729 3951 emit
783 3893 1127 3959 PanioniuS,
1180 3893 1323 3949 civis
1374 3892 1606 3959 Chius,
1641 3894 1744 3968 qui
1794 3908 1968 3968 opere
2017 3894 2388 3966 iniquissimo

154 3982 355 4037 vitam
382 3972 773 4033 sustentabat.
856 3970 1124 4038 Quoties,
1154 3972 1313 4029 enim
1343 3990 1542 4043 pueros
1583 3981 1788 4029 nactus
1837 3980 1989 4029 esset
2018 3972 2209 4027 forma
2237 3985 2386 4047 prae-

152 4066 417 4125 stantes,
463 4052 573 4108 hos
623 4050 921 4117 castrabat,
949 4060 1009 4109 et
1059 4050 1267 4107 Sardes
1316 4059 1416 4107 aut
1470 4050 1772 4126 Ephesum
1826 4050 2110 4106 abductos
2158 4048 2385 4127 ingenti

144 4137 355 4237 pretia
378 4130 687 4213 vendebat.
766 4129 1005 4209 Quippe
1030 4129 1193 4248 apud
1216 4130 1508 4189 Barbaros
1547 4130 1806 4205 eunuchi
1839 4129 2210 4223 pretiosiores
2236 4143 2373 4191 sunt
