2925 4992
936 314 1637 407 *rr-amionem.
2243 340 2252 355 ·
2290 332 2412 398 945

200 491 418 563 k'n'oiiii,
447 492 594 553 duce
622 490 941 553 Cleomene
968 512 1126 573 rege,
1157 496 1586 555 Anaxandridae
1627 496 1786 555 filio:
1827 496 1933 553 ha's
1959 496 2100 553 tei-o
2123 496 2240 553 =non
2277 490 2410 569 ja‘m

200 572 358 631 mari
390 571 699 643 miserunt,
728 575 828 631 sed
868 594 975 649 per
999 577 1423 632 continentem.
1505 577 1658 632 Cum
1703 576 1813 641 his,
1843 578 1913 631 ut
1947 576 2007 631 in
2033 575 2287 633 Atticam
2317 579 2409 634 in-

200 662 501 721 vaserunt,
530 655 786 728 primum
824 654 1124 729 congressi
1150 654 1413 710 Thessali
1457 654 1702 728 equites,
1732 654 1888 709 brevi
1933 661 2194 729 tempore
2226 657 2286 711 in
2317 654 2414 711 f'u-
2453 678 2462 686 ’

204 750 343 807 gam
378 732 522 787 sunt
548 734 701 788 versi
722 756 740 803 3
787 732 1233 806 cecideruntque
1260 750 1333 789 ex
1367 734 1588 789 eisdem
1617 734 1870 807 amplius
1897 734 2298 809 quadraginta,
2327 752 2416 790 re-

197 806 347 884 liqui
378 816 523 885 ver'o
551 828 583 867 e
614 810 862 885 vestigio
890 818 1045 867 recta
1068 828 1271 867 versus
1300 812 1661 867 Thessaliam
1689 813 1978 867 abierunt.
2041 812 2414 881 Cleomenes,

156 882 161 892 ¹
188 897 267 944 “ut
295 888 373 945 ad
404 888 616 945 urbem
644 890 927 963 pei-venit,
956 905 1073 945 una
1100 897 1237 945 cu'm
1274 890 1366 945 bis
1390 907 1461 946 ex
1491 889 1966 956 AtheniensibuS,
1995 892 2093 965 qui
2121 892 2292 947 liberi
2321 892 2410 947 vi·

200 982 341 1023 vere
370 968 711 1039 cupiebant,
740 966 1018 1043 tyrannos
1042 968 1292 1035 obsedit,
1320 984 1491 1025 muro
1521 968 1826 1043 Pelasgico
1853 968 2126 1026 inclusos.

280 1050 388 1102 65.
432 1046 823 1120 Nequaquam
872 1064 1013 1102 vero
1053 1048 1450 1121 expugnaturi
1501 1046 1890 1104 Pisistratidas
1933 1058 2096 1104 erant
2135 1048 2413 1106 Lacedae-

202 1124 435 1180 monii:
478 1142 585 1181 nec
610 1126 766 1181 enim
806 1121 1029 1195 justam
1058 1124 1427 1181 obsidionem
1455 1125 1762 1181 instituere
1790 1127 2213 1201 cogitaverant,
2241 1136 2298 1184 et
2327 1129 2411 1184 ci-

204 1204 387 1259 bariis
414 1220 487 1258 ac
526 1204 847 1276 potulentis
887 1204 1034 1259 bene
1077 1198 1347 1259 instructi
1378 1198 1756 1275 Pisistratidas
1779 1212 1978 1260 erant:
2025 1214 2155 1281 post
2199 1206 2414 1279 pauco-

196 1279 461 1355 rumque
488 1282 717 1337 dierum
744 1282 1114 1338 obsidionem
1142 1280 1405 1357 Spartam
1436 1288 1607 1339 ‘erant
1647 1283 1733 1339 ini
1761 1280 2006 1339 abituri.
2071 1284 2246 1341 Nunc
2271 1303 2412 1342 vero

200 1361 559 1433 supervenit
612 1376 803 1425 casm,
842 1360 964 1416 istis
1016 1360 1335 1427 infaustus,
1378 1361 1469 1417 his·
1511 1368 1650 1418 vero
1705 1372 2210 1435 peropportunus:
2253 1366 2412 1437 capti

199 1440 366 1495 enim
394 1448 532 1495 sunt
559 1437 1052 1496 Pisistratidarum
1090 1436 1281 1503 liberi,
1310 1448 1496 1513 quum
1527 1441 1586 1496 ih
1611 1458 1680 1515 eo
1709 1451 1924 1507 essent,
1955 1448 2024 1497 ut
2061 1452 2224 1497 extra
2252 1442 2409 1498 Atti-

202 1528 339 1573 cam
385 1518 449 1573 in
498 1524 629 1574 tuto
676 1516 1115 1574 collocarentur.
1195 1517 1347 1579 Quae
1392 1536 1484 1574 res
1532 1522 1838 1593 postquam
1889 1520 2116 1584 accidit,
2162 1520 2413 1578 turbatae

198 1602 351 1652 sunt
391 1612 602 1651 omnes
643 1597 983 1654 eorumdem
1028 1596 1293 1653 rationes.
1375 1595 1582 1669 Itaque
1622 1596 1977 1653 deditionem
2025 1592 2292 1661 fecerunt
2328 1602 2412 1656 eis

198 1674 672 1740 conditionibuS,
717 1692 848 1749 quae
892 1672 1371 1749 Atheniensibus
1398 1670 1768 1749 placuerunt,
1816 1686 1900 1741 ut,
1945 1680 2172 1748 receptis
2227 1676 2413 1734 liberis

195 1756 335 1819 sitis,
376 1756 525 1808 intra
566 1755 797 1825 quinque
836 1756 949 1811 dies
986 1755 1173 1809 Attica
1220 1750 1548 1810 excederent.
1627 1755 1822 1828 Atque
1859 1753 1945 1810 ita
1985 1752 2185 1812 relicta
2217 1756 2410 1813 Attica

198 1831 591 1889 Pisistratidae
621 1833 863 1907 Sigeum
893 1834 965 1889 ad
994 1832 1413 1889 Scamandrum
1446 1834 1801 1908 migrarunt,
1829 1841 2140 1909 postquam
2168 1832 2416 1893 Athenis·

196 1918 312 1966 sex
338 1918 399 1967 et
426 1910 677 1985 triginta
702 1927 885 1967 annos
914 1918 1274 1987 regnassent.
1352 1910 1618 1969 Fuerunt
1659 1922 1854 1968 autem
1905 1912 1964 1968 hi
2007 1913 2236 1989 origine
2265 1913 2416 1989 Pylii

202 1999 269 2045 et
292 1988 583 2054 Neleidae,
612 1989 829 2047 eisdem
858 1986 1180 2061 majoribus
1204 1984 1480 2065 prognati
1509 1997 1684 2065 atque
1707 1992 1932 2047 Codrus
1957 2000 2016 2047 et
2034 1990 2412 2064 Melanthus»,

200 2068 313 2141 'qui
341 2075 402 2124 et
426 2069 539 2142 ipsi
561 2068 731 2133 olim,
757 2086 941 2142 quum
970 2068 1214 2124 advenae
1240 2074 1457 2136 essent,
1482 2086 1648 2145 reges
1673 2070 1921 2126 fuerunt
1946 2068 2418 2133 Atheniensium.

138 2204 147 2211 ,
206 2148 403 2215 Cujus
427 2147 491 2202 in
514 2146 759 2221 originis
799 2148 1142 2203 memoriam
1179 2148 1567 2223 Hippocrates
1598 2146 1720 2205 fluo
1745 2156 1855 2205 'suo
1883 2164 2096 2204 nomen
2132 2148 2416 2209 Pisistrati

202 2228 592 2299 imposuerat,
621 2225 693 2280 de
724 2224 1023 2283 Pisistrato
1068 2224 1335 2281 Nestoris
1375 2224 1516 2281 filio.
1596 2216 1732 2283 Ho’c
1773 2226 1950 2283 modo
1995 2230 2252 2303 tyrannis
2293 2232 2416 2286 suis

204 2304 447 2360 liberati
472 2312 605 2378 sunt
636 2304 1045 2361 Athenienses:
1092 2320 1234 2377 quas
1261 2320 1401 2359 vero
1441 2320 1532 2359 res
1575 2311 1706 2377 post
1747 2310 2036 2379 receptam
2081 2306 2414 2365 libertatem

149 2412 159 2419 -
204 2390 549 2453 memoratu
596 2383 807 2457 dignas
842 2383 937 2438 v‘el
986 2382 1272 2457 gesserint
1305 2382 1397 2436 vel
1442 2384 1597 2455 passi
1642 2384 1784 2450 sint,
1813 2384 2153 2457 priusquam
2183 2386 2353 2443 Ionia
2378 2408 2416 2444 a

204 2461 399 2518 Dario
428 2462 663 2527 defecit,
692 2475 751 2515 et
777 2460 1146 2537 Aristagoras
1172 2458 1443 2533 Milesius
1469 2460 1730 2518 Athenas
1763 2462 1924 2518 venit
1964 2470 2134 2535 opem
2175 2463 2412 2523 illorum

200 2539 553 2613 implorans,
588 2540 847 2613 primum
874 2556 1181 2613 exponam.

289 2622 390 2675 66.
432 2618 695 2685 Ath'e'nae,
724 2624 912 2691 quum
947 2615 1074 2689 jam
1118 2628 1251 2675 ante
1299 2634 1535 2695 magnae
1573 2618 1844 2687 fuissent,
1885 2620 2058 2686 nunc,
2103 2618 2413 2695 postquam

204 2698 479 2773 tyrannis
505 2698 765 2753 liberat'ae
792 2702 979 2762 erant,
1010 2694 1259 2768 majores
1288 2707 1614 2755 evaserunt.
1693 2698 2174 2757 Dominahantur
2214 2711 2412 2759 autem

204 2777 272 2831 'in
310 2770 593 2833 iliis‘duo
632 2776 766 2842 viri,
798 2776 1147 2843 ClistheneS,
1190 2778 1263 2833 de
1305 2777 1529 2833 familia
1575 2776 2129 2845 Alcmaeonidarum‚
2159 2780 2208 2834 is
2237 2793 2414 2853 ‘quem

205 2855 377 2911 fama
404 2854 522 2909 fert
548 2856 874 2927 corrupisse
904 2848 1195 2927 Pythiam,
1226 2861 1286 2911 et
1328 2858 1620 2936 IsagoraS,
1649 2857 1921 2912 'l'isandri
1949 2856 2126 2923 filius,
2157 2868 2417 2929 spectata

206 2934 454 3007 quidem
512 2931 741 2988 familia
799 2941 1001 2989 natum
1026 2958 1043 3003 3
1107 2942 1404 3001 c'aeterum,
1453 2934 1666 3008 quibus
1719 2934 2042 3012 majoribus
2095 2934 2420 3009 antiquitus.

204 3004 395 3069 'flleri‘t
434 3010 743 3078 oriundus,
772 3010 962 3067 dicere
1006 3018 1253 3085 neq'ue0,
1281 3010 1394 3069 nisi
1428 3012 1582 3086 quod
1633 3014 1866 3087 cognati
1910 3009 2209 3087 ejusdovi
2243 3014 2417 3084 Cario

206 3110 376 3148 sacra
400 3090 649 3145 faciunt.
730 3086 813 3145 Hi
842 3091 950 3146 viri
975 3091 1130 3146 intei-
1170 3096 1231 3149 ἑὲ
1258 3092 1329 3148 de
1358 3091 1688 3165 principatu
1717 3091 2164 3147 contendebant.
2224 3096 2408 3167 Supe-

206 3179 371 3227 ratus
401 3170 479 3225 ab
506 3164 722 3225 aemulo
750 3167 1100 3235 ClistheneS,
1124 3166 1311 3242 piebis
1338 3166 1604 3226 favorem
1655 3169 1764 3226 sibi
1809 3170 2138 3245 conciliavit
2162 3178 2176 3227 ἑ
2221 3173 2280 3244 et
2309 3172 2411 3229 de-

206 3250 367 3317 inde,
396 3264 585 3322 quum
612 3248 673 3303 in
702 3247 937 3319 quatuor
980 3248 1151 3303 tribus
1190 3244 1485 3305 distributi
1525 3246 1773 3305 fuissent
1799 3249 2210 3315 Athenienses,
2238 3252 2416 3323 decem

209 3329 383 3384 tribus
424 3326 763 3395 constituit3
810 3327 1165 3401 mutatisque
1208 3328 1573 3394 nominibuS,
1619 3344 1750 3400 quae
1791 3327 1864 3383 ab
1905 3323 2062 3383 lonis
2109 3328 2266 3397 filiis,
2293 3320 2410 3385 Ge-
2485 3352 2491 3360 ¹

200 3398 409 3464 'leonte
437 3415 495 3460 et
526 3404 803 3479 .Egicore
846 3414 905 3460 et
940 3406 1171 3481 Argoda
1205 3416 1265 3463 et
1308 3406 1586 3483 H'oplete,
1617 3414 1780 3462 erant
1821 3406 2110 3473 desumta,
2142 3408 2214 3463 ab
2256 3408 2412 3465 indi-

206 3486 387 3561 'gen'is
414 3484 691 3539 heroibus
716 3494 813 3538 eas
840 3484 1259 3558 denominavit,
1284 3496 1407 3541 'uno
1448 3481 1624 3557 Ajace
1652 3478 1930 3557 exceptb;
1975 3498 2173 3560 quem,
2203 3504 2410 3561 quam·

200 3566 298 3621 'vis
328 3562 732 3637 peregrinum,
761 3568 958 3617 'tamen
984 3572 1051 3618 ut
1077 3561 1331 3619 vicinum
1360 3571 1422 3620 et
1444 3563 1692 3629 socium,
1720 3560 1947 3631 adjecit.
2347 3564 2354 3569 “

290 3648 388 3706 67.
432 3642 569 3701 Qua
595 3642 655 3696 in
684 3658 762 3705 re,
792 3648 863 3696 ut
900 3642 1045 3697 mihi
1090 3638 1339 3710 videtur,
1372 3642 1702 3697 Clisthenes
1745 3642 1840 3698 hic
1879 3660 2052 3698 avum
2081 3662 2258 3700 suum
2283 3662 2410 3701 ma-

206 3731 451 3779 ternum
480 3720 741 3775 imitatus
760 3726 872 3784 est,
892 3720 1217 3775 Clisthenem
1238 3720 1814 3793 Sicyonistyraimum.
1881 3722 1989 3777 Ille
2017 3723 2194 3786 enim,
2224 3718 2408 3795 quum

208 3802 437 3857 beilum
486 3806 715 3872 gereret
752 3805 893 3853 ‘cum
942 3793 1187 3875 ArgiviS,
1230 3796 1484 3872 primum
1533 3796 1880 3873 Rhapso'dos
1931 3803 2119 3856 vetuit
2169 3801 2413 3874 Sicyone

202 3877 573 3936 ‘carminibus
594 3876 935 3933 Homericis
962 3879 1273 3944 decertare,
1300 3878 1592 3951 quoniam⁴
1619 3878 1679 3933 in
1721 3878 1837 3935 illis
1876 3878 2090 3953 ubique
2121 3878 2240 3934 fere
2265 3888 2408 3936 non-

206 3959 329 4014 nisi
354 3956 561 4033 Argivi
590 3962 650 4011 et
678 3957 866 4029 Argos
907 3948 1310 4013 celebrantur:
1356 3956 1586 4023 deinde,
1613 3959 1794 4029 quii't‘n
1823 3970 1972 4013 essct
2000 3958 2058 4011 in
2093 3957 2218 4011 foro
2249 3957 2409 4039 Sicy-

206 4038 479 4093 oniorum
537 4034 689 4091 aedes
740 4032 1009 4101 Adrasto,
1052 4034 1217 4092 Talai
1266 4034 1409 4103 filio,
1458 4042 1759 4109 tamquam
1809 4034 2010 4102 Hei-oi,
2057 4051 2410 4105 consecrata,

206 4116 367 4172 hunc
396 4114 752 4178 Clisthenes,
782 4114 997 4187 quippe
1024 4113 1335 4187 Argivum,
1366 4114 1502 4170 sede
1529 4110 1636 4169 sua
1655 4106 1908 4183 ejectum
1937 4112 2228 4186 ‘'cupiebat.
2288 4116 2407 4173 lta-

196 4206 323 4271 que
368 4194 637 4273 Delphos
689 4190 1008 4267 profectus,
1050 4192 1344 4264 consuluit
1384 4192 1709 4258 oraci'ssur‘n,
1738 4211 1808 4247 an
1851 4186 2065 4265 ejiceret
2093 4194 2409 4256 Adrastum.
