<?xml version="1.0" encoding="UTF-8"?>
<!DOCTYPE html PUBLIC "-//W3C//DTD XHTML 1.0 Transitional//EN"
    "http://www.w3.org/TR/xhtml1/DTD/xhtml1-transitional.dtd">
<html xmlns="http://www.w3.org/1999/xhtml" xml:lang="en" lang="en">
 <head>
  <title>
</title>
<meta http-equiv="Content-Type" content="text/html;charset=utf-8" />
  <meta name='ocr-system' content='tesseract 3.04.00' />
  <meta name='ocr-capabilities' content='ocr_page ocr_carea ocr_par ocr_line ocrx_word'/>
</head>
<body>
  <div class='ocr_page' id='page_1' title='image "./herodotihistori00schagoog_0221.png"; bbox 0 0 2925 4992; ppageno 0'>
   <div class='ocr_carea' id='block_1_1' title="bbox 838 326 2337 397">
    <p class='ocr_par' dir='ltr' id='par_1_1' title="bbox 838 326 2337 397">
     <span class='ocr_line' id='line_1_1' title="bbox 838 326 2337 397; baseline 0 -8"><span class='ocrx_word' id='word_1_1' title='bbox 838 372 845 377; x_wconf 90' lang='lat'>-</span> <span class='ocrx_word' id='word_1_2' title='bbox 908 326 1520 389; x_wconf 63' lang='lat' dir='ltr'><strong>MELPOMENR.</strong></span> <span class='ocrx_word' id='word_1_3' title='bbox 1751 338 1758 348; x_wconf 85' lang='lat'>&#39;</span> <span class='ocrx_word' id='word_1_4' title='bbox 2215 332 2337 397; x_wconf 65' lang='lat'><strong>215</strong></span> 
     </span>
    </p>
   </div>
   <div class='ocr_carea' id='block_1_2' title="bbox 154 485 2328 799">
    <p class='ocr_par' dir='ltr' id='par_1_2' title="bbox 154 485 2328 799">
     <span class='ocr_line' id='line_1_2' title="bbox 155 485 2326 565; baseline 0.001 -20"><span class='ocrx_word' id='word_1_5' title='bbox 155 488 337 545; x_wconf 67' lang='lat' dir='ltr'><strong>culum</strong></span> <span class='ocrx_word' id='word_1_6' title='bbox 349 486 637 552; x_wconf 56' lang='lat' dir='ltr'><strong>mntem,</strong></span> <span class='ocrx_word' id='word_1_7' title='bbox 664 486 893 562; x_wconf 80' lang='lat' dir='ltr'><strong>Libyca</strong></span> <span class='ocrx_word' id='word_1_8' title='bbox 914 488 1087 545; x_wconf 84' lang='lat' dir='ltr'><strong>illum</strong></span> <span class='ocrx_word' id='word_1_9' title='bbox 1113 486 1692 563; x_wconf 48' lang='lat' dir='ltr'><strong>lingua‘adpellasse,</strong></span> <span class='ocrx_word' id='word_1_10' title='bbox 1707 500 1896 561; x_wconf 77' lang='lat' dir='ltr'><strong>quum</strong></span> <span class='ocrx_word' id='word_1_11' title='bbox 1921 485 2326 565; x_wconf 70' lang='lat' dir='ltr'><strong>sciret-regem</strong></span> 
     </span>
     <span class='ocr_line' id='line_1_3' title="bbox 156 563 2326 643; baseline 0 -19"><span class='ocrx_word' id='word_1_12' title='bbox 156 584 267 624; x_wconf 85' lang='lat' dir='ltr'><strong>eum</strong></span> <span class='ocrx_word' id='word_1_13' title='bbox 294 567 413 624; x_wconf 89' lang='lat' dir='ltr'><strong>fore</strong></span> <span class='ocrx_word' id='word_1_14' title='bbox 436 568 497 623; x_wconf 89' lang='lat' dir='ltr'><strong>in</strong></span> <span class='ocrx_word' id='word_1_15' title='bbox 520 566 727 643; x_wconf 83' lang='lat' dir='ltr'><strong>Libya.</strong></span> <span class='ocrx_word' id='word_1_16' title='bbox 764 564 923 624; x_wconf 89' lang='lat' dir='ltr'><strong>Nam</strong></span> <span class='ocrx_word' id='word_1_17' title='bbox 953 574 1267 642; x_wconf 79' lang='lat' dir='ltr'><strong>postquam</strong></span> <span class='ocrx_word' id='word_1_18' title='bbox 1294 563 1397 623; x_wconf 89' lang='lat' dir='ltr'><strong>ille</strong></span> <span class='ocrx_word' id='word_1_19' title='bbox 1418 568 1494 623; x_wconf 85' lang='lat' dir='ltr'><strong>ad</strong></span> <span class='ocrx_word' id='word_1_20' title='bbox 1523 565 1756 623; x_wconf 79' lang='lat' dir='ltr'><strong>virilem</strong></span> <span class='ocrx_word' id='word_1_21' title='bbox 1779 566 2046 640; x_wconf 80' lang='lat' dir='ltr'><strong>pervenit</strong></span> <span class='ocrx_word' id='word_1_22' title='bbox 2067 575 2326 634; x_wconf 75' lang='lat' dir='ltr'><strong>aetatem,</strong></span> 
     </span>
     <span class='ocr_line' id='line_1_4' title="bbox 154 646 2328 720; baseline 0.001 -17"><span class='ocrx_word' id='word_1_23' title='bbox 154 648 389 719; x_wconf 75' lang='lat' dir='ltr'>Delphos</span> <span class='ocrx_word' id='word_1_24' title='bbox 426 647 727 720; x_wconf 78' lang='lat' dir='ltr'><strong>profectus</strong></span> <span class='ocrx_word' id='word_1_25' title='bbox 756 654 865 711; x_wconf 83' lang='lat' dir='ltr'><strong>est,</strong></span> <span class='ocrx_word' id='word_1_26' title='bbox 896 646 969 703; x_wconf 89' lang='lat' dir='ltr'><strong>de</strong></span> <span class='ocrx_word' id='word_1_27' title='bbox 994 663 1141 702; x_wconf 83' lang='lat' dir='ltr'><strong>voce</strong></span> <span class='ocrx_word' id='word_1_28' title='bbox 1164 662 1272 701; x_wconf 87' lang='lat' dir='ltr'><strong>sua</strong></span> <span class='ocrx_word' id='word_1_29' title='bbox 1294 646 1706 715; x_wconf 53' lang='lat' dir='ltr'><strong>consuatur-un</strong></span> <span class='ocrx_word' id='word_1_30' title='bbox 1751 646 2084 717; x_wconf 59' lang='lat' dir='ltr'><strong>consulenti</strong></span> <span class='ocrx_word' id='word_1_31' title='bbox 2123 653 2328 705; x_wconf 78' lang='lat' dir='ltr'><strong>autem</strong></span> 
     </span>
     <span class='ocr_line' id='line_1_5' title="bbox 154 720 1471 799; baseline -0.002 -19"><span class='ocrx_word' id='word_1_32' title='bbox 154 726 263 781; x_wconf 79' lang='lat' dir='ltr'><strong>haec</strong></span> <span class='ocrx_word' id='word_1_33' title='bbox 280 725 575 799; x_wconf 78' lang='lat' dir='ltr'><strong>respondit</strong></span> <span class='ocrx_word' id='word_1_34' title='bbox 600 725 849 799; x_wconf 84' lang='lat' dir='ltr'><strong>Pythia:</strong></span> <span class='ocrx_word' id='word_1_35' title='bbox 1462 720 1471 739; x_wconf 84' lang='lat'><strong>¹</strong></span> 
     </span>
    </p>
   </div>
   <div class='ocr_carea' id='block_1_3' title="bbox 378 849 1813 976">
    <p class='ocr_par' dir='ltr' id='par_1_3' title="bbox 378 849 1813 976">
     <span class='ocr_line' id='line_1_6' title="bbox 378 849 1565 913; baseline 0.001 -17"><span class='ocrx_word' id='word_1_36' title='bbox 378 850 541 906; x_wconf 79' lang='lat' dir='ltr'><strong>Batte,</strong></span> <span class='ocrx_word' id='word_1_37' title='bbox 567 849 694 895; x_wconf 85' lang='lat' dir='ltr'><strong>vocis</strong></span> <span class='ocrx_word' id='word_1_38' title='bbox 717 864 884 897; x_wconf 81' lang='lat' dir='ltr'><strong>caussa</strong></span> <span class='ocrx_word' id='word_1_39' title='bbox 907 850 1109 897; x_wconf 83' lang='lat' dir='ltr'><strong>venisti:</strong></span> <span class='ocrx_word' id='word_1_40' title='bbox 1148 856 1199 896; x_wconf 86' lang='lat' dir='ltr'><strong>at</strong></span> <span class='ocrx_word' id='word_1_41' title='bbox 1216 855 1266 897; x_wconf 87' lang='lat' dir='ltr'><strong>te</strong></span> <span class='ocrx_word' id='word_1_42' title='bbox 1290 864 1369 896; x_wconf 89' lang='lat' dir='ltr'><strong>rex</strong></span> <span class='ocrx_word' id='word_1_43' title='bbox 1388 852 1565 913; x_wconf 78' lang='lat' dir='ltr'>Apollo</span> 
     </span>
     <span class='ocr_line' id='line_1_7' title="bbox 380 914 1813 976; baseline 0.002 -17"><span class='ocrx_word' id='word_1_44' title='bbox 380 915 438 960; x_wconf 88' lang='lat' dir='ltr'><strong>In</strong></span> <span class='ocrx_word' id='word_1_45' title='bbox 463 914 661 976; x_wconf 82' lang='lat' dir='ltr'><strong>Libyam</strong></span> <span class='ocrx_word' id='word_1_46' title='bbox 684 916 838 961; x_wconf 86' lang='lat' dir='ltr'><strong>mittit</strong></span> <span class='ocrx_word' id='word_1_47' title='bbox 856 916 1023 963; x_wconf 81' lang='lat' dir='ltr'><strong>ovibus</strong></span> <span class='ocrx_word' id='word_1_48' title='bbox 1048 916 1263 974; x_wconf 84' lang='lat' dir='ltr'><strong>divitem,</strong></span> <span class='ocrx_word' id='word_1_49' title='bbox 1286 918 1484 963; x_wconf 78' lang='lat' dir='ltr'><strong>colonioe</strong></span> <span class='ocrx_word' id='word_1_50' title='bbox 1507 914 1813 963; x_wconf 78' lang='lat' dir='ltr'><strong>conditorem.</strong></span> 
     </span>
    </p>
   </div>
   <div class='ocr_carea' id='block_1_4' title="bbox 145 1029 2336 2995">
    <p class='ocr_par' dir='ltr' id='par_1_4' title="bbox 150 1029 2334 1571">
     <span class='ocr_line' id='line_1_8' title="bbox 154 1029 2330 1108; baseline 0.002 -23"><span class='ocrx_word' id='word_1_51' title='bbox 154 1031 295 1101; x_wconf 78' lang='lat' dir='ltr'><strong>quasi</strong></span> <span class='ocrx_word' id='word_1_52' title='bbox 318 1030 525 1089; x_wconf 82' lang='lat' dir='ltr'><strong>Graeco</strong></span> <span class='ocrx_word' id='word_1_53' title='bbox 552 1048 825 1087; x_wconf 86' lang='lat' dir='ltr'><strong>sermone</strong></span> <span class='ocrx_word' id='word_1_54' title='bbox 850 1031 1115 1098; x_wconf 78' lang='lat' dir='ltr'><strong>dixisset,</strong></span> <span class='ocrx_word' id='word_1_55' title='bbox 1141 1038 1183 1063; x_wconf 86' lang='lat'><strong>“</strong></span> <span class='ocrx_word' id='word_1_56' title='bbox 1210 1031 1365 1097; x_wconf 86' lang='lat' dir='ltr'><strong>Rex,</strong></span> <span class='ocrx_word' id='word_1_57' title='bbox 1398 1034 1558 1090; x_wconf 80' lang='lat' dir='ltr'><strong>vocis</strong></span> <span class='ocrx_word' id='word_1_58' title='bbox 1583 1048 1790 1090; x_wconf 82' lang='lat' dir='ltr'><strong>caussa</strong></span> <span class='ocrx_word' id='word_1_59' title='bbox 1813 1032 2088 1091; x_wconf 82' lang='lat' dir='ltr'><strong>venisti.”</strong></span> <span class='ocrx_word' id='word_1_60' title='bbox 2171 1029 2330 1108; x_wconf 74' lang='lat' dir='ltr'><strong>Tum</strong></span> 
     </span>
     <span class='ocr_line' id='line_1_9' title="bbox 152 1110 2332 1184; baseline 0.004 -22"><span class='ocrx_word' id='word_1_61' title='bbox 152 1124 267 1163; x_wconf 81' lang='lat' dir='ltr'><strong>vero</strong></span> <span class='ocrx_word' id='word_1_62' title='bbox 300 1110 393 1165; x_wconf 82' lang='lat' dir='ltr'><strong>ille</strong></span> <span class='ocrx_word' id='word_1_63' title='bbox 434 1111 773 1182; x_wconf 81' lang='lat' dir='ltr'><strong>respondit:</strong></span> <span class='ocrx_word' id='word_1_64' title='bbox 814 1117 865 1175; x_wconf 79' lang='lat'><strong>,“</strong></span> <span class='ocrx_word' id='word_1_65' title='bbox 894 1112 949 1165; x_wconf 88' lang='lat'>0</span> <span class='ocrx_word' id='word_1_66' title='bbox 979 1111 1129 1175; x_wconf 82' lang='lat' dir='ltr'><strong>Rex,</strong></span> <span class='ocrx_word' id='word_1_67' title='bbox 1160 1110 1431 1184; x_wconf 75' lang='lat' dir='ltr'>equidem</span> <span class='ocrx_word' id='word_1_68' title='bbox 1460 1112 1616 1177; x_wconf 79' lang='lat' dir='ltr'><strong>veni,</strong></span> <span class='ocrx_word' id='word_1_69' title='bbox 1646 1112 1808 1167; x_wconf 86' lang='lat' dir='ltr'><strong>vocis</strong></span> <span class='ocrx_word' id='word_1_70' title='bbox 1851 1129 1996 1168; x_wconf 84' lang='lat' dir='ltr'><strong>meae</strong></span> <span class='ocrx_word' id='word_1_71' title='bbox 2035 1126 2244 1167; x_wconf 77' lang='lat' dir='ltr'><strong>caussa</strong></span> <span class='ocrx_word' id='word_1_72' title='bbox 2267 1118 2332 1170; x_wconf 82' lang='lat' dir='ltr'><strong>te</strong></span> 
     </span>
     <span class='ocr_line' id='line_1_10' title="bbox 154 1186 2334 1264; baseline 0.003 -23"><span class='ocrx_word' id='word_1_73' title='bbox 154 1192 187 1216; x_wconf 91' lang='lat'><em>“</em></span> <span class='ocrx_word' id='word_1_74' title='bbox 211 1188 603 1259; x_wconf 49' lang='lat' dir='ltr'><strong>consulturum</strong></span> <span class='ocrx_word' id='word_1_75' title='bbox 644 1198 713 1245; x_wconf 89' lang='lat' dir='ltr'><strong>tu</strong></span> <span class='ocrx_word' id='word_1_76' title='bbox 738 1206 879 1245; x_wconf 81' lang='lat' dir='ltr'><strong>vero</strong></span> <span class='ocrx_word' id='word_1_77' title='bbox 902 1190 1049 1245; x_wconf 86' lang='lat' dir='ltr'><strong>mibi</strong></span> <span class='ocrx_word' id='word_1_78' title='bbox 1074 1189 1191 1245; x_wconf 84' lang='lat' dir='ltr'><strong>alia</strong></span> <span class='ocrx_word' id='word_1_79' title='bbox 1216 1190 1532 1263; x_wconf 78' lang='lat' dir='ltr'>respondes</span> <span class='ocrx_word' id='word_1_80' title='bbox 1561 1190 1965 1264; x_wconf 86' lang='lat' dir='ltr'><strong>impossibilia,</strong></span> <span class='ocrx_word' id='word_1_81' title='bbox 1990 1186 2208 1260; x_wconf 80' lang='lat' dir='ltr'><strong>jubens</strong></span> <span class='ocrx_word' id='word_1_82' title='bbox 2233 1204 2334 1263; x_wconf 71' lang='lat' dir='ltr'><strong>me</strong></span> 
     </span>
     <span class='ocr_line' id='line_1_11' title="bbox 152 1266 2330 1343; baseline 0.003 -22"><span class='ocrx_word' id='word_1_83' title='bbox 152 1266 475 1323; x_wconf 84' lang='lat' dir='ltr'><strong>“coloniam</strong></span> <span class='ocrx_word' id='word_1_84' title='bbox 502 1269 567 1323; x_wconf 90' lang='lat' dir='ltr'><strong>in</strong></span> <span class='ocrx_word' id='word_1_85' title='bbox 600 1268 794 1343; x_wconf 81' lang='lat' dir='ltr'><strong>Libya</strong></span> <span class='ocrx_word' id='word_1_86' title='bbox 818 1268 1101 1325; x_wconf 82' lang='lat' dir='ltr'><strong>condere:</strong></span> <span class='ocrx_word' id='word_1_87' title='bbox 1144 1284 1405 1341; x_wconf 85' lang='lat' dir='ltr'><strong>quanam</strong></span> <span class='ocrx_word' id='word_1_88' title='bbox 1448 1269 1690 1326; x_wconf 85' lang='lat' dir='ltr'><strong>tandem</strong></span> <span class='ocrx_word' id='word_1_89' title='bbox 1713 1270 1814 1325; x_wconf 79' lang='lat' dir='ltr'><strong>vi?</strong></span> <span class='ocrx_word' id='word_1_90' title='bbox 1857 1285 1978 1342; x_wconf 86' lang='lat' dir='ltr'><strong>qua</strong></span> <span class='ocrx_word' id='word_1_91' title='bbox 2021 1268 2330 1327; x_wconf 79' lang='lat' dir='ltr'><strong>hominum</strong></span> 
     </span>
     <span class='ocr_line' id='line_1_12' title="bbox 152 1347 2328 1422; baseline 0.003 -21"><span class='ocrx_word' id='word_1_92' title='bbox 152 1348 189 1373; x_wconf 92' lang='lat'><em>“</em></span> <span class='ocrx_word' id='word_1_93' title='bbox 210 1362 373 1402; x_wconf 83' lang='lat' dir='ltr'><strong>manu</strong></span> <span class='ocrx_word' id='word_1_94' title='bbox 395 1348 453 1403; x_wconf 78' lang='lat'><strong>?”</strong></span> <span class='ocrx_word' id='word_1_95' title='bbox 496 1348 653 1409; x_wconf 81' lang='lat' dir='ltr'><strong>Quae</strong></span> <span class='ocrx_word' id='word_1_96' title='bbox 680 1347 787 1407; x_wconf 84' lang='lat' dir='ltr'><strong>ille.</strong></span> <span class='ocrx_word' id='word_1_97' title='bbox 806 1348 1023 1413; x_wconf 81' lang='lat' dir='ltr'><strong>dicens,</strong></span> <span class='ocrx_word' id='word_1_98' title='bbox 1056 1364 1175 1403; x_wconf 90' lang='lat' dir='ltr'><strong>non</strong></span> <span class='ocrx_word' id='word_1_99' title='bbox 1221 1348 1508 1420; x_wconf 80' lang='lat' dir='ltr'><strong>persuasit</strong></span> <span class='ocrx_word' id='word_1_100' title='bbox 1535 1348 1764 1422; x_wconf 84' lang='lat' dir='ltr'><strong>Pythiae</strong></span> <span class='ocrx_word' id='word_1_101' title='bbox 1799 1358 1868 1405; x_wconf 86' lang='lat' dir='ltr'><strong>ut</strong></span> <span class='ocrx_word' id='word_1_102' title='bbox 1907 1348 2064 1403; x_wconf 86' lang='lat' dir='ltr'><strong>aliud</strong></span> <span class='ocrx_word' id='word_1_103' title='bbox 2095 1347 2208 1405; x_wconf 87' lang='lat' dir='ltr'><strong>sibi</strong></span> <span class='ocrx_word' id='word_1_104' title='bbox 2235 1364 2328 1407; x_wconf 84' lang='lat' dir='ltr'><strong>re·</strong></span> 
     </span>
     <span class='ocr_line' id='line_1_13' title="bbox 151 1426 2326 1501; baseline 0.002 -24"><span class='ocrx_word' id='word_1_105' title='bbox 151 1440 397 1495; x_wconf 76' lang='lat' dir='ltr'><strong>sponsum</strong></span> <span class='ocrx_word' id='word_1_106' title='bbox 434 1426 617 1482; x_wconf 85' lang='lat' dir='ltr'><strong>daret.</strong></span> <span class='ocrx_word' id='word_1_107' title='bbox 698 1428 901 1487; x_wconf 87' lang='lat' dir='ltr'><strong>Quum</strong></span> <span class='ocrx_word' id='word_1_108' title='bbox 948 1427 1131 1501; x_wconf 84' lang='lat' dir='ltr'><strong>igitur</strong></span> <span class='ocrx_word' id='word_1_109' title='bbox 1166 1427 1389 1493; x_wconf 83' lang='lat' dir='ltr'><strong>eadem,</strong></span> <span class='ocrx_word' id='word_1_110' title='bbox 1420 1444 1554 1499; x_wconf 85' lang='lat' dir='ltr'><strong>quae</strong></span> <span class='ocrx_word' id='word_1_111' title='bbox 1597 1434 1788 1493; x_wconf 81' lang='lat' dir='ltr'><strong>antea,</strong></span> <span class='ocrx_word' id='word_1_112' title='bbox 1819 1428 1876 1483; x_wconf 87' lang='lat' dir='ltr'><strong>ei</strong></span> <span class='ocrx_word' id='word_1_113' title='bbox 1911 1426 2288 1500; x_wconf 81' lang='lat' dir='ltr'><strong>responderet</strong></span> <span class='ocrx_word' id='word_1_114' title='bbox 2309 1446 2326 1481; x_wconf 70' lang='grc' dir='ltr'>ι</span> 
     </span>
     <span class='ocr_line' id='line_1_14' title="bbox 150 1501 1508 1571; baseline 0.004 -16"><span class='ocrx_word' id='word_1_115' title='bbox 150 1501 357 1561; x_wconf 82' lang='lat' dir='ltr'><strong>interim</strong></span> <span class='ocrx_word' id='word_1_116' title='bbox 384 1505 622 1569; x_wconf 80' lang='lat' dir='ltr'><strong>Battus,</strong></span> <span class='ocrx_word' id='word_1_117' title='bbox 647 1504 749 1561; x_wconf 90' lang='lat' dir='ltr'><strong>illa</strong></span> <span class='ocrx_word' id='word_1_118' title='bbox 776 1505 1001 1571; x_wconf 72' lang='lat' dir='ltr'><strong>relicta,</strong></span> <span class='ocrx_word' id='word_1_119' title='bbox 1031 1505 1289 1563; x_wconf 78' lang='lat' dir='ltr'><strong>Theram</strong></span> <span class='ocrx_word' id='word_1_120' title='bbox 1318 1506 1508 1563; x_wconf 83' lang='lat' dir='ltr'><strong>rediit.</strong></span> 
     </span>
    </p>

    <p class='ocr_par' dir='ltr' id='par_1_5' title="bbox 148 1582 2336 2605">
     <span class='ocr_line' id='line_1_15' title="bbox 216 1582 2330 1659; baseline 0.001 -23"><span class='ocrx_word' id='word_1_121' title='bbox 216 1585 331 1639; x_wconf 84' lang='lat'><strong>156.</strong></span> <span class='ocrx_word' id='word_1_122' title='bbox 370 1582 520 1641; x_wconf 80' lang='lat' dir='ltr'><strong>Post</strong></span> <span class='ocrx_word' id='word_1_123' title='bbox 556 1583 683 1641; x_wconf 80' lang='lat' dir='ltr'><strong>baec</strong></span> <span class='ocrx_word' id='word_1_124' title='bbox 706 1592 767 1640; x_wconf 89' lang='lat' dir='ltr'><strong>et</strong></span> <span class='ocrx_word' id='word_1_125' title='bbox 792 1585 853 1639; x_wconf 88' lang='lat' dir='ltr'><strong>in</strong></span> <span class='ocrx_word' id='word_1_126' title='bbox 893 1584 1049 1641; x_wconf 88' lang='lat' dir='ltr'><strong>bunc</strong></span> <span class='ocrx_word' id='word_1_127' title='bbox 1088 1585 1279 1657; x_wconf 83' lang='lat' dir='ltr'><strong>ipsum</strong></span> <span class='ocrx_word' id='word_1_128' title='bbox 1310 1594 1373 1641; x_wconf 84' lang='lat' dir='ltr'><strong>et</strong></span> <span class='ocrx_word' id='word_1_129' title='bbox 1412 1586 1478 1641; x_wconf 86' lang='lat' dir='ltr'><strong>in</strong></span> <span class='ocrx_word' id='word_1_130' title='bbox 1517 1584 1770 1659; x_wconf 85' lang='lat' dir='ltr'><strong>reliquos</strong></span> <span class='ocrx_word' id='word_1_131' title='bbox 1796 1585 2072 1643; x_wconf 72' lang='lat' dir='ltr'><strong>Therinos</strong></span> <span class='ocrx_word' id='word_1_132' title='bbox 2109 1584 2198 1642; x_wconf 84' lang='lat' dir='ltr'><strong>ira</strong></span> <span class='ocrx_word' id='word_1_133' title='bbox 2233 1582 2330 1641; x_wconf 85' lang='lat' dir='ltr'><strong>dei</strong></span> 
     </span>
     <span class='ocr_line' id='line_1_16' title="bbox 151 1656 2328 1737; baseline 0.002 -24"><span class='ocrx_word' id='word_1_134' title='bbox 151 1656 319 1717; x_wconf 83' lang='lat' dir='ltr'><strong>denuo</strong></span> <span class='ocrx_word' id='word_1_135' title='bbox 344 1663 640 1721; x_wconf 75' lang='lat' dir='ltr'><strong>incubuit.</strong></span> <span class='ocrx_word' id='word_1_136' title='bbox 698 1662 781 1717; x_wconf 85' lang='lat' dir='ltr'><strong>Et</strong></span> <span class='ocrx_word' id='word_1_137' title='bbox 806 1664 1037 1720; x_wconf 77' lang='lat' dir='ltr'><strong>&#39;l&#39;heraei</strong></span> <span class='ocrx_word' id='word_1_138' title='bbox 1060 1678 1327 1719; x_wconf 78' lang='lat' dir='ltr'>caussam</span> <span class='ocrx_word' id='word_1_139' title='bbox 1356 1664 1698 1737; x_wconf 82' lang='lat' dir='ltr'><strong>ignorantes</strong></span> <span class='ocrx_word' id='word_1_140' title='bbox 1725 1664 2150 1728; x_wconf 69' lang='lat' dir='ltr'><strong>calamitatum,</strong></span> <span class='ocrx_word' id='word_1_141' title='bbox 2180 1661 2328 1718; x_wconf 85' lang='lat' dir='ltr'><strong>Del-</strong></span> 
     </span>
     <span class='ocr_line' id='line_1_17' title="bbox 150 1737 2330 1815; baseline 0.002 -22"><span class='ocrx_word' id='word_1_142' title='bbox 150 1737 273 1809; x_wconf 83' lang='lat' dir='ltr'><strong>phos</strong></span> <span class='ocrx_word' id='word_1_143' title='bbox 317 1741 615 1801; x_wconf 83' lang='lat' dir='ltr'><strong>miserunt</strong></span> <span class='ocrx_word' id='word_1_144' title='bbox 666 1742 769 1815; x_wconf 90' lang='lat' dir='ltr'><strong>qui</strong></span> <span class='ocrx_word' id='word_1_145' title='bbox 823 1741 895 1799; x_wconf 84' lang='lat' dir='ltr'><strong>de</strong></span> <span class='ocrx_word' id='word_1_146' title='bbox 952 1742 1335 1815; x_wconf 74' lang='lat' dir='ltr'><strong>praesentibus</strong></span> <span class='ocrx_word' id='word_1_147' title='bbox 1396 1743 1571 1799; x_wconf 84' lang='lat' dir='ltr'><strong>malis</strong></span> <span class='ocrx_word' id='word_1_148' title='bbox 1620 1742 2017 1800; x_wconf 69' lang='lat' dir='ltr'><strong>consulerent.</strong></span> <span class='ocrx_word' id='word_1_149' title='bbox 2098 1740 2330 1805; x_wconf 83' lang='lat' dir='ltr'><strong>Quibus</strong></span> 
     </span>
     <span class='ocr_line' id='line_1_18' title="bbox 150 1814 2330 1895; baseline 0.002 -22"><span class='ocrx_word' id='word_1_150' title='bbox 150 1814 329 1890; x_wconf 68' lang='lat' dir='ltr'><strong>Pythia</strong></span> <span class='ocrx_word' id='word_1_151' title='bbox 352 1819 681 1895; x_wconf 76' lang='lat' dir='ltr'><strong>respondit,</strong></span> <span class='ocrx_word' id='word_1_152' title='bbox 712 1827 755 1851; x_wconf 88' lang='lat'><strong>“</strong></span> <span class='ocrx_word' id='word_1_153' title='bbox 787 1821 835 1877; x_wconf 87' lang='lat' dir='ltr'><strong>si</strong></span> <span class='ocrx_word' id='word_1_154' title='bbox 860 1838 993 1879; x_wconf 83' lang='lat' dir='ltr'><strong>cum</strong></span> <span class='ocrx_word' id='word_1_155' title='bbox 1026 1822 1203 1879; x_wconf 86' lang='lat' dir='ltr'><strong>Batto</strong></span> <span class='ocrx_word' id='word_1_156' title='bbox 1232 1820 1503 1893; x_wconf 81' lang='lat' dir='ltr'><strong>Cyrenen</strong></span> <span class='ocrx_word' id='word_1_157' title='bbox 1552 1823 1612 1877; x_wconf 88' lang='lat' dir='ltr'><strong>in</strong></span> <span class='ocrx_word' id='word_1_158' title='bbox 1643 1820 1836 1895; x_wconf 83' lang='lat' dir='ltr'><strong>Libya</strong></span> <span class='ocrx_word' id='word_1_159' title='bbox 1859 1820 2152 1877; x_wconf 84' lang='lat' dir='ltr'><strong>coloniam</strong></span> <span class='ocrx_word' id='word_1_160' title='bbox 2179 1836 2330 1879; x_wconf 87' lang='lat' dir='ltr'><strong>eon-</strong></span> 
     </span>
     <span class='ocr_line' id='line_1_19' title="bbox 152 1894 2336 1973; baseline 0.003 -23"><span class='ocrx_word' id='word_1_161' title='bbox 152 1900 185 1950; x_wconf 82' lang='lat'><strong>‘.‘</strong></span> <span class='ocrx_word' id='word_1_162' title='bbox 209 1894 418 1965; x_wconf 78' lang='lat' dir='ltr'><strong>derent5</strong></span> <span class='ocrx_word' id='word_1_163' title='bbox 442 1897 663 1959; x_wconf 86' lang='lat' dir='ltr'><strong>melius</strong></span> <span class='ocrx_word' id='word_1_164' title='bbox 700 1916 838 1955; x_wconf 88' lang='lat' dir='ltr'><strong>cum</strong></span> <span class='ocrx_word' id='word_1_165' title='bbox 867 1899 1009 1973; x_wconf 88' lang='lat' dir='ltr'><strong>ipsis</strong></span> <span class='ocrx_word' id='word_1_166' title='bbox 1036 1908 1237 1957; x_wconf 84' lang='lat' dir='ltr'><strong>actum</strong></span> <span class='ocrx_word' id='word_1_167' title='bbox 1266 1899 1391 1956; x_wconf 86' lang='lat' dir='ltr'><strong>iri.’&#39;</strong></span> <span class='ocrx_word' id='word_1_168' title='bbox 1476 1900 1778 1957; x_wconf 82' lang='lat' dir='ltr'><strong>Miserunt</strong></span> <span class='ocrx_word' id='word_1_169' title='bbox 1817 1900 2073 1973; x_wconf 75' lang='lat' dir='ltr'><strong>posthaec</strong></span> <span class='ocrx_word' id='word_1_170' title='bbox 2099 1899 2336 1957; x_wconf 65' lang='lat' dir='ltr'><strong>Therai</strong></span> 
     </span>
     <span class='ocr_line' id='line_1_20' title="bbox 148 1972 2335 2055; baseline 0.004 -27"><span class='ocrx_word' id='word_1_171' title='bbox 148 1972 361 2033; x_wconf 84' lang='lat' dir='ltr'><strong>Battum</strong></span> <span class='ocrx_word' id='word_1_172' title='bbox 388 1996 531 2035; x_wconf 84' lang='lat' dir='ltr'><strong>cum</strong></span> <span class='ocrx_word' id='word_1_173' title='bbox 560 1976 793 2055; x_wconf 78' lang='lat' dir='ltr'><strong>duabus</strong></span> <span class='ocrx_word' id='word_1_174' title='bbox 820 1978 1073 2035; x_wconf 76' lang='lat' dir='ltr'><strong>navibus</strong></span> <span class='ocrx_word' id='word_1_175' title='bbox 1100 1978 1534 2054; x_wconf 79' lang='lat' dir='ltr'><strong>quinquaginta</strong></span> <span class='ocrx_word' id='word_1_176' title='bbox 1557 1996 1852 2037; x_wconf 78' lang='lat' dir='ltr'><strong>remorum</strong></span> <span class='ocrx_word' id='word_1_177' title='bbox 1875 2000 1890 2035; x_wconf 71' lang='grc' dir='ltr'><strong><em>ε</em></strong></span> <span class='ocrx_word' id='word_1_178' title='bbox 1929 1979 2026 2035; x_wconf 84' lang='lat' dir='ltr'><strong>sed</strong></span> <span class='ocrx_word' id='word_1_179' title='bbox 2059 1978 2144 2044; x_wconf 79' lang='lat' dir='ltr'><strong>hi,</strong></span> <span class='ocrx_word' id='word_1_180' title='bbox 2169 1986 2335 2052; x_wconf 84' lang='lat' dir='ltr'><strong>post·</strong></span> 
     </span>
     <span class='ocr_line' id='line_1_21' title="bbox 150 2056 2332 2133; baseline 0.003 -24"><span class='ocrx_word' id='word_1_181' title='bbox 150 2070 299 2125; x_wconf 81' lang='lat' dir='ltr'><strong>quam</strong></span> <span class='ocrx_word' id='word_1_182' title='bbox 322 2058 379 2111; x_wconf 87' lang='lat' dir='ltr'><strong>in</strong></span> <span class='ocrx_word' id='word_1_183' title='bbox 404 2056 667 2128; x_wconf 75' lang='lat' dir='ltr'><strong>Libyam</strong></span> <span class='ocrx_word' id='word_1_184' title='bbox 686 2058 1062 2131; x_wconf 84' lang='lat' dir='ltr'><strong>navigarunt,</strong></span> <span class='ocrx_word' id='word_1_185' title='bbox 1090 2057 1369 2132; x_wconf 88' lang='lat' dir='ltr'><strong>quoniam</strong></span> <span class='ocrx_word' id='word_1_186' title='bbox 1386 2059 1746 2132; x_wconf 80' lang='lat' dir='ltr'><strong>caeteroquin</strong></span> <span class='ocrx_word' id='word_1_187' title='bbox 1767 2058 1926 2133; x_wconf 84' lang='lat' dir='ltr'><strong>quod</strong></span> <span class='ocrx_word' id='word_1_188' title='bbox 1947 2067 2191 2132; x_wconf 83' lang='lat' dir='ltr'><strong>agerent</strong></span> <span class='ocrx_word' id='word_1_189' title='bbox 2209 2074 2332 2115; x_wconf 86' lang='lat' dir='ltr'><strong>non</strong></span> 
     </span>
     <span class='ocr_line' id='line_1_22' title="bbox 150 2130 2334 2210; baseline 0.004 -23"><span class='ocrx_word' id='word_1_190' title='bbox 150 2130 431 2202; x_wconf 83' lang='lat' dir='ltr'><strong>habebant,</strong></span> <span class='ocrx_word' id='word_1_191' title='bbox 480 2135 747 2193; x_wconf 74' lang='lat' dir='ltr'><strong>Ther-am</strong></span> <span class='ocrx_word' id='word_1_192' title='bbox 798 2145 935 2193; x_wconf 87' lang='lat' dir='ltr'><strong>sunt</strong></span> <span class='ocrx_word' id='word_1_193' title='bbox 990 2136 1223 2193; x_wconf 88' lang='lat' dir='ltr'><strong>reversi.</strong></span> <span class='ocrx_word' id='word_1_194' title='bbox 1302 2137 1381 2193; x_wconf 88' lang='lat' dir='ltr'><strong>At</strong></span> <span class='ocrx_word' id='word_1_195' title='bbox 1440 2138 1752 2193; x_wconf 87' lang='lat' dir='ltr'><strong>redeuntes</strong></span> <span class='ocrx_word' id='word_1_196' title='bbox 1807 2138 1938 2193; x_wconf 82' lang='lat' dir='ltr'><strong>telis</strong></span> <span class='ocrx_word' id='word_1_197' title='bbox 1991 2137 2334 2210; x_wconf 81' lang='lat' dir='ltr'><strong>repulerunt</strong></span> 
     </span>
     <span class='ocr_line' id='line_1_23' title="bbox 150 2211 2333 2290; baseline 0.002 -25"><span class='ocrx_word' id='word_1_198' title='bbox 150 2211 369 2287; x_wconf 64' lang='lat' dir='ltr'><strong>Thermi,</strong></span> <span class='ocrx_word' id='word_1_199' title='bbox 396 2232 511 2271; x_wconf 87' lang='lat' dir='ltr'><strong>nec</strong></span> <span class='ocrx_word' id='word_1_200' title='bbox 541 2212 835 2287; x_wconf 79' lang='lat' dir='ltr'><strong>adpellere</strong></span> <span class='ocrx_word' id='word_1_201' title='bbox 862 2216 937 2273; x_wconf 82' lang='lat' dir='ltr'><strong>ad</strong></span> <span class='ocrx_word' id='word_1_202' title='bbox 966 2223 1181 2273; x_wconf 77' lang='lat' dir='ltr'><strong>terram</strong></span> <span class='ocrx_word' id='word_1_203' title='bbox 1210 2216 1365 2288; x_wconf 84' lang='lat' dir='ltr'><strong>passi</strong></span> <span class='ocrx_word' id='word_1_204' title='bbox 1392 2224 1564 2281; x_wconf 86' lang='lat' dir='ltr'><strong>sunt,·</strong></span> <span class='ocrx_word' id='word_1_205' title='bbox 1583 2217 1684 2273; x_wconf 86' lang='lat' dir='ltr'><strong>sed</strong></span> <span class='ocrx_word' id='word_1_206' title='bbox 1715 2224 1872 2276; x_wconf 85' lang='lat' dir='ltr'><strong>retro</strong></span> <span class='ocrx_word' id='word_1_207' title='bbox 1893 2216 2170 2290; x_wconf 79' lang='lat' dir='ltr'><strong>navigare</strong></span> <span class='ocrx_word' id='word_1_208' title='bbox 2201 2211 2333 2286; x_wconf 65' lang='lat' dir='ltr'><strong>juse-</strong></span> 
     </span>
     <span class='ocr_line' id='line_1_24' title="bbox 152 2293 2332 2367; baseline 0.003 -22"><span class='ocrx_word' id='word_1_209' title='bbox 152 2300 333 2348; x_wconf 81' lang='lat' dir='ltr'><strong>serunt.</strong></span> <span class='ocrx_word' id='word_1_210' title='bbox 413 2293 514 2349; x_wconf 88' lang='lat' dir='ltr'><strong>llli</strong></span> <span class='ocrx_word' id='word_1_211' title='bbox 564 2293 767 2367; x_wconf 86' lang='lat' dir='ltr'><strong>igitur,</strong></span> <span class='ocrx_word' id='word_1_212' title='bbox 796 2294 1145 2351; x_wconf 76' lang='lat' dir='ltr'><strong>necessitate</strong></span> <span class='ocrx_word' id='word_1_213' title='bbox 1185 2294 1398 2360; x_wconf 85' lang='lat' dir='ltr'><strong>eoacti,</strong></span> <span class='ocrx_word' id='word_1_214' title='bbox 1428 2294 1676 2352; x_wconf 83' lang='lat' dir='ltr'><strong>navibus</strong></span> <span class='ocrx_word' id='word_1_215' title='bbox 1717 2302 1874 2351; x_wconf 87' lang='lat' dir='ltr'><strong>retro</strong></span> <span class='ocrx_word' id='word_1_216' title='bbox 1913 2293 2224 2351; x_wconf 84' lang='lat' dir='ltr'><strong>abierunt:</strong></span> <span class='ocrx_word' id='word_1_217' title='bbox 2269 2303 2332 2351; x_wconf 85' lang='lat' dir='ltr'><strong>et</strong></span> 
     </span>
     <span class='ocr_line' id='line_1_25' title="bbox 148 2368 2332 2449; baseline 0.001 -22"><span class='ocrx_word' id='word_1_218' title='bbox 148 2368 373 2429; x_wconf 78' lang='lat' dir='ltr'><strong>insulam</strong></span> <span class='ocrx_word' id='word_1_219' title='bbox 410 2371 807 2435; x_wconf 72' lang='lat' dir='ltr'><strong>condiderunt</strong></span> <span class='ocrx_word' id='word_1_220' title='bbox 836 2374 911 2429; x_wconf 84' lang='lat' dir='ltr'><strong>ad</strong></span> <span class='ocrx_word' id='word_1_221' title='bbox 948 2390 1115 2429; x_wconf 85' lang='lat' dir='ltr'><strong>oram</strong></span> <span class='ocrx_word' id='word_1_222' title='bbox 1160 2372 1365 2445; x_wconf 83' lang='lat' dir='ltr'><strong>Libyae</strong></span> <span class='ocrx_word' id='word_1_223' title='bbox 1404 2373 1601 2440; x_wconf 83' lang='lat' dir='ltr'><strong>sitam,</strong></span> <span class='ocrx_word' id='word_1_224' title='bbox 1630 2373 1728 2449; x_wconf 79' lang='lat' dir='ltr'><strong>cui</strong></span> <span class='ocrx_word' id='word_1_225' title='bbox 1765 2390 1982 2435; x_wconf 83' lang='lat' dir='ltr'><strong>nomen</strong></span> <span class='ocrx_word' id='word_1_226' title='bbox 2013 2379 2112 2447; x_wconf 85' lang='lat' dir='ltr'><strong>(ut</strong></span> <span class='ocrx_word' id='word_1_227' title='bbox 2153 2388 2332 2445; x_wconf 76' lang='lat' dir='ltr'><strong>supra</strong></span> 
     </span>
     <span class='ocr_line' id='line_1_26' title="bbox 150 2443 2328 2527; baseline 0.002 -22"><span class='ocrx_word' id='word_1_228' title='bbox 150 2443 367 2520; x_wconf 81' lang='lat' dir='ltr'><strong>dictum)</strong></span> <span class='ocrx_word' id='word_1_229' title='bbox 400 2452 627 2507; x_wconf 84' lang='lat' dir='ltr'><strong>Platea.</strong></span> <span class='ocrx_word' id='word_1_230' title='bbox 715 2450 949 2509; x_wconf 78' lang='lat' dir='ltr'><strong>Dicitur</strong></span> <span class='ocrx_word' id='word_1_231' title='bbox 974 2458 1175 2507; x_wconf 87' lang='lat' dir='ltr'><strong>autem</strong></span> <span class='ocrx_word' id='word_1_232' title='bbox 1204 2451 1329 2507; x_wconf 77' lang='lat' dir='ltr'><strong>haec</strong></span> <span class='ocrx_word' id='word_1_233' title='bbox 1352 2451 1552 2509; x_wconf 85' lang='lat' dir='ltr'><strong>insula</strong></span> <span class='ocrx_word' id='word_1_234' title='bbox 1590 2452 1718 2527; x_wconf 83' lang='lat' dir='ltr'><strong>pari</strong></span> <span class='ocrx_word' id='word_1_235' title='bbox 1743 2468 1870 2512; x_wconf 79' lang='lat' dir='ltr'><strong>esse</strong></span> <span class='ocrx_word' id='word_1_236' title='bbox 1895 2450 2328 2527; x_wconf 76' lang='lat' dir='ltr'><strong>magnitudine,</strong></span> 
     </span>
     <span class='ocr_line' id='line_1_27' title="bbox 148 2530 1848 2605; baseline 0.002 -21"><span class='ocrx_word' id='word_1_237' title='bbox 148 2532 299 2601; x_wconf 79' lang='lat' dir='ltr'><strong>atque</strong></span> <span class='ocrx_word' id='word_1_238' title='bbox 324 2548 477 2587; x_wconf 87' lang='lat' dir='ltr'><strong>nune</strong></span> <span class='ocrx_word' id='word_1_239' title='bbox 508 2539 601 2585; x_wconf 88' lang='lat' dir='ltr'><strong>est</strong></span> <span class='ocrx_word' id='word_1_240' title='bbox 622 2530 767 2587; x_wconf 87' lang='lat' dir='ltr'><strong>urbs</strong></span> <span class='ocrx_word' id='word_1_241' title='bbox 790 2530 1227 2605; x_wconf 67' lang='lat' dir='ltr'><strong>Cyrenaeorum.</strong></span> <span class='ocrx_word' id='word_1_242' title='bbox 1839 2564 1848 2573; x_wconf 82' lang='lat'><strong>·</strong></span> 
     </span>
    </p>

    <p class='ocr_par' dir='ltr' id='par_1_6' title="bbox 145 2608 2334 2995">
     <span class='ocr_line' id='line_1_28' title="bbox 218 2608 2332 2685; baseline 0.003 -22"><span class='ocrx_word' id='word_1_243' title='bbox 218 2612 337 2672; x_wconf 83' lang='grc'><strong>157.</strong></span> <span class='ocrx_word' id='word_1_244' title='bbox 378 2610 561 2671; x_wconf 81' lang='lat' dir='ltr'><strong>Hanc</strong></span> <span class='ocrx_word' id='word_1_245' title='bbox 602 2608 859 2665; x_wconf 81' lang='lat' dir='ltr'><strong>insulam</strong></span> <span class='ocrx_word' id='word_1_246' title='bbox 898 2618 1215 2684; x_wconf 79' lang='lat' dir='ltr'><strong>postquam</strong></span> <span class='ocrx_word' id='word_1_247' title='bbox 1256 2626 1359 2683; x_wconf 84' lang='lat' dir='ltr'><strong>per</strong></span> <span class='ocrx_word' id='word_1_248' title='bbox 1385 2610 1690 2669; x_wconf 83' lang='lat' dir='ltr'><strong>biennium</strong></span> <span class='ocrx_word' id='word_1_249' title='bbox 1729 2609 2119 2677; x_wconf 79' lang='lat' dir='ltr'><strong>habitassent,</strong></span> <span class='ocrx_word' id='word_1_250' title='bbox 2139 2626 2332 2685; x_wconf 82' lang='lat' dir='ltr'><strong>quum</strong></span> 
     </span>
     <span class='ocr_line' id='line_1_29' title="bbox 149 2683 2330 2762; baseline 0.004 -23"><span class='ocrx_word' id='word_1_251' title='bbox 149 2683 275 2743; x_wconf 84' lang='lat' dir='ltr'><strong>nihil</strong></span> <span class='ocrx_word' id='word_1_252' title='bbox 310 2689 421 2745; x_wconf 84' lang='lat' dir='ltr'><strong>illis</strong></span> <span class='ocrx_word' id='word_1_253' title='bbox 462 2705 743 2762; x_wconf 79' lang='lat' dir='ltr'><strong>prospere</strong></span> <span class='ocrx_word' id='word_1_254' title='bbox 770 2688 1021 2754; x_wconf 87' lang='lat' dir='ltr'><strong>cederet,</strong></span> <span class='ocrx_word' id='word_1_255' title='bbox 1047 2706 1169 2745; x_wconf 86' lang='lat' dir='ltr'><strong>uno</strong></span> <span class='ocrx_word' id='word_1_256' title='bbox 1197 2688 1323 2745; x_wconf 83' lang='lat' dir='ltr'><strong>viro</strong></span> <span class='ocrx_word' id='word_1_257' title='bbox 1344 2686 1429 2745; x_wconf 88' lang='lat' dir='ltr'><strong>ibi</strong></span> <span class='ocrx_word' id='word_1_258' title='bbox 1456 2690 1684 2755; x_wconf 79' lang='lat' dir='ltr'><strong>relicte,</strong></span> <span class='ocrx_word' id='word_1_259' title='bbox 1711 2689 1920 2762; x_wconf 87' lang='lat' dir='ltr'><strong>reliqui</strong></span> <span class='ocrx_word' id='word_1_260' title='bbox 1947 2706 2154 2747; x_wconf 83' lang='lat' dir='ltr'><strong>omnes</strong></span> <span class='ocrx_word' id='word_1_261' title='bbox 2177 2689 2330 2749; x_wconf 86' lang='lat' dir='ltr'><strong>Del·-</strong></span> 
     </span>
     <span class='ocr_line' id='line_1_30' title="bbox 145 2763 2326 2843; baseline 0.003 -24"><span class='ocrx_word' id='word_1_262' title='bbox 145 2763 271 2833; x_wconf 81' lang='lat' dir='ltr'><strong>phos</strong></span> <span class='ocrx_word' id='word_1_263' title='bbox 310 2767 703 2843; x_wconf 78' lang='lat' dir='ltr'><strong>navigarunt:</strong></span> <span class='ocrx_word' id='word_1_264' title='bbox 752 2768 1173 2840; x_wconf 86' lang='lat' dir='ltr'><strong>oraculumque</strong></span> <span class='ocrx_word' id='word_1_265' title='bbox 1214 2767 1520 2833; x_wconf 82' lang='lat' dir='ltr'><strong>adeuntes,</strong></span> <span class='ocrx_word' id='word_1_266' title='bbox 1563 2784 1912 2841; x_wconf 82' lang='lat' dir='ltr'><strong>responsum</strong></span> <span class='ocrx_word' id='word_1_267' title='bbox 1957 2769 2196 2840; x_wconf 82' lang='lat' dir='ltr'><strong>petiere,</strong></span> <span class='ocrx_word' id='word_1_268' title='bbox 2235 2768 2326 2826; x_wconf 87' lang='lat' dir='ltr'><strong>di-</strong></span> 
     </span>
     <span class='ocr_line' id='line_1_31' title="bbox 146 2846 2334 2921; baseline 0.004 -22"><span class='ocrx_word' id='word_1_269' title='bbox 146 2852 340 2911; x_wconf 78' lang='lat' dir='ltr'><strong>eentes,</strong></span> <span class='ocrx_word' id='word_1_270' title='bbox 366 2846 609 2921; x_wconf 63' lang='lat' dir='ltr'><strong>Libyam</strong></span> <span class='ocrx_word' id='word_1_271' title='bbox 628 2864 683 2903; x_wconf 70' lang='lat' dir='ltr'><strong>se</strong></span> <span class='ocrx_word' id='word_1_272' title='bbox 711 2846 983 2913; x_wconf 80' lang='lat' dir='ltr'><strong>habitare,</strong></span> <span class='ocrx_word' id='word_1_273' title='bbox 1011 2864 1109 2903; x_wconf 83' lang='lat' dir='ltr'><strong>nec</strong></span> <span class='ocrx_word' id='word_1_274' title='bbox 1134 2846 1337 2903; x_wconf 78' lang='lat' dir='ltr'><strong>idcirco</strong></span> <span class='ocrx_word' id='word_1_275' title='bbox 1358 2848 1552 2905; x_wconf 76' lang='lat' dir='ltr'><strong>melius</strong></span> <span class='ocrx_word' id='word_1_276' title='bbox 1575 2864 1752 2905; x_wconf 72' lang='lat' dir='ltr'><strong>secum</strong></span> <span class='ocrx_word' id='word_1_277' title='bbox 1777 2849 1890 2921; x_wconf 76' lang='lat' dir='ltr'><strong>agi.</strong></span> <span class='ocrx_word' id='word_1_278' title='bbox 1954 2847 2188 2909; x_wconf 76' lang='lat' dir='ltr'><strong>Quibus</strong></span> <span class='ocrx_word' id='word_1_279' title='bbox 2215 2848 2334 2908; x_wconf 77' lang='lat' dir='ltr'><strong>hoe</strong></span> 
     </span>
     <span class='ocr_line' id='line_1_32' title="bbox 145 2924 922 2995; baseline 0.008 -18"><span class='ocrx_word' id='word_1_280' title='bbox 145 2936 459 2995; x_wconf 85' lang='lat' dir='ltr'><strong>responsum</strong></span> <span class='ocrx_word' id='word_1_281' title='bbox 478 2924 701 2994; x_wconf 83' lang='lat' dir='ltr'><strong>Pythia</strong></span> <span class='ocrx_word' id='word_1_282' title='bbox 726 2924 922 2983; x_wconf 81' lang='lat' dir='ltr'><strong>dedit:</strong></span> 
     </span>
    </p>
   </div>
   <div class='ocr_carea' id='block_1_5' title="bbox 376 3054 2147 3185">
    <p class='ocr_par' dir='ltr' id='par_1_7' title="bbox 376 3054 2147 3185">
     <span class='ocr_line' id='line_1_33' title="bbox 376 3054 1534 3115; baseline -0.001 -13"><span class='ocrx_word' id='word_1_283' title='bbox 376 3056 426 3102; x_wconf 91' lang='lat' dir='ltr'><strong>Si</strong></span> <span class='ocrx_word' id='word_1_284' title='bbox 448 3058 511 3103; x_wconf 84' lang='lat' dir='ltr'><strong>tu</strong></span> <span class='ocrx_word' id='word_1_285' title='bbox 534 3054 731 3115; x_wconf 82' lang='lat' dir='ltr'><strong>Libyam</strong></span> <span class='ocrx_word' id='word_1_286' title='bbox 748 3054 917 3101; x_wconf 76' lang='lat' dir='ltr'><strong>&#39;ovium</strong></span> <span class='ocrx_word' id='word_1_287' title='bbox 940 3056 1172 3107; x_wconf 78' lang='lat' dir='ltr'><strong>nutricem</strong></span> <span class='ocrx_word' id='word_1_288' title='bbox 1193 3058 1362 3103; x_wconf 84' lang='lat' dir='ltr'><strong>melius</strong></span> <span class='ocrx_word' id='word_1_289' title='bbox 1386 3055 1534 3115; x_wconf 85' lang='lat' dir='ltr'><strong>nosti,</strong></span> 
     </span>
     <span class='ocr_line' id='line_1_34' title="bbox 377 3120 2147 3185; baseline 0.002 -18"><span class='ocrx_word' id='word_1_290' title='bbox 377 3120 478 3171; x_wconf 78' lang='lat' dir='ltr'><strong>Qui</strong></span> <span class='ocrx_word' id='word_1_291' title='bbox 506 3134 603 3175; x_wconf 85' lang='lat' dir='ltr'><strong>non</strong></span> <span class='ocrx_word' id='word_1_292' title='bbox 628 3121 805 3179; x_wconf 77' lang='lat' dir='ltr'><strong>adiisti,</strong></span> <span class='ocrx_word' id='word_1_293' title='bbox 830 3134 974 3181; x_wconf 82' lang='lat' dir='ltr'><strong>quam</strong></span> <span class='ocrx_word' id='word_1_294' title='bbox 996 3136 1085 3183; x_wconf 81' lang='lat' dir='ltr'><strong>ego</strong></span> <span class='ocrx_word' id='word_1_295' title='bbox 1109 3122 1190 3184; x_wconf 84' lang='lat' dir='ltr'><strong>qui</strong></span> <span class='ocrx_word' id='word_1_296' title='bbox 1213 3122 1337 3183; x_wconf 78' lang='lat' dir='ltr'><strong>adii3</strong></span> <span class='ocrx_word' id='word_1_297' title='bbox 1372 3122 1508 3169; x_wconf 79' lang='lat' dir='ltr'><strong>valde</strong></span> <span class='ocrx_word' id='word_1_298' title='bbox 1529 3120 1676 3169; x_wconf 88' lang='lat' dir='ltr'><strong>miror</strong></span> <span class='ocrx_word' id='word_1_299' title='bbox 1695 3124 1830 3169; x_wconf 83' lang='lat' dir='ltr'><strong>tuam</strong></span> <span class='ocrx_word' id='word_1_300' title='bbox 1851 3122 2147 3185; x_wconf 79' lang='lat' dir='ltr'><strong>sapientiam.</strong></span> 
     </span>
    </p>
   </div>
   <div class='ocr_carea' id='block_1_6' title="bbox 140 3248 2334 4285">
    <p class='ocr_par' dir='ltr' id='par_1_8' title="bbox 140 3248 2334 3721">
     <span class='ocr_line' id='line_1_35' title="bbox 144 3248 2334 3329; baseline 0.002 -20"><span class='ocrx_word' id='word_1_301' title='bbox 144 3248 273 3309; x_wconf 79' lang='lat' dir='ltr'><strong>Quae</strong></span> <span class='ocrx_word' id='word_1_302' title='bbox 297 3252 513 3310; x_wconf 85' lang='lat' dir='ltr'><strong>Battus</strong></span> <span class='ocrx_word' id='word_1_303' title='bbox 540 3270 677 3311; x_wconf 86' lang='lat' dir='ltr'><strong>cum</strong></span> <span class='ocrx_word' id='word_1_304' title='bbox 713 3254 837 3309; x_wconf 86' lang='lat' dir='ltr'><strong>suis</strong></span> <span class='ocrx_word' id='word_1_305' title='bbox 874 3254 981 3312; x_wconf 88' lang='lat' dir='ltr'><strong>ubi</strong></span> <span class='ocrx_word' id='word_1_306' title='bbox 1018 3254 1265 3321; x_wconf 84' lang='lat' dir='ltr'><strong>audivit,</strong></span> <span class='ocrx_word' id='word_1_307' title='bbox 1292 3262 1449 3310; x_wconf 85' lang='lat' dir='ltr'><strong>retro</strong></span> <span class='ocrx_word' id='word_1_308' title='bbox 1491 3253 1832 3329; x_wconf 82' lang='lat' dir='ltr'><strong>navigavit:</strong></span> <span class='ocrx_word' id='word_1_309' title='bbox 1875 3270 1988 3311; x_wconf 87' lang='lat' dir='ltr'><strong>nec</strong></span> <span class='ocrx_word' id='word_1_310' title='bbox 2013 3252 2174 3311; x_wconf 88' lang='lat' dir='ltr'><strong>enim</strong></span> <span class='ocrx_word' id='word_1_311' title='bbox 2199 3253 2334 3313; x_wconf 76' lang='lat' dir='ltr'><strong>illo·</strong></span> 
     </span>
     <span class='ocr_line' id='line_1_36' title="bbox 142 3330 2326 3407; baseline 0.002 -26"><span class='ocrx_word' id='word_1_312' title='bbox 142 3330 429 3389; x_wconf 82' lang='lat' dir='ltr'><strong>condendae</strong></span> <span class='ocrx_word' id='word_1_313' title='bbox 450 3332 703 3389; x_wconf 67' lang='lat' dir='ltr'><strong>coloniae</strong></span> <span class='ocrx_word' id='word_1_314' title='bbox 728 3350 956 3399; x_wconf 85' lang='lat' dir='ltr'><strong>caussa,</strong></span> <span class='ocrx_word' id='word_1_315' title='bbox 974 3330 1141 3407; x_wconf 85' lang='lat' dir='ltr'><strong>quasi</strong></span> <span class='ocrx_word' id='word_1_316' title='bbox 1166 3334 1451 3391; x_wconf 86' lang='lat' dir='ltr'><strong>mandato</strong></span> <span class='ocrx_word' id='word_1_317' title='bbox 1480 3332 1922 3400; x_wconf 83' lang='lat' dir='ltr'><strong>satisfecissent,</strong></span> <span class='ocrx_word' id='word_1_318' title='bbox 1939 3333 2104 3407; x_wconf 87' lang='lat' dir='ltr'><strong>prius</strong></span> <span class='ocrx_word' id='word_1_319' title='bbox 2127 3333 2326 3391; x_wconf 71' lang='lat' dir='ltr'><strong>absol-</strong></span> 
     </span>
     <span class='ocr_line' id='line_1_37' title="bbox 142 3405 2328 3487; baseline 0.002 -21"><span class='ocrx_word' id='word_1_320' title='bbox 142 3405 215 3460; x_wconf 74' lang='lat' dir='ltr'><strong>vit</strong></span> <span class='ocrx_word' id='word_1_321' title='bbox 234 3408 393 3478; x_wconf 86' lang='lat' dir='ltr'><strong>deus,</strong></span> <span class='ocrx_word' id='word_1_322' title='bbox 418 3428 607 3486; x_wconf 85' lang='lat' dir='ltr'><strong>quam</strong></span> <span class='ocrx_word' id='word_1_323' title='bbox 632 3412 695 3467; x_wconf 89' lang='lat' dir='ltr'><strong>in</strong></span> <span class='ocrx_word' id='word_1_324' title='bbox 724 3412 915 3485; x_wconf 79' lang='lat' dir='ltr'><strong>ipsam</strong></span> <span class='ocrx_word' id='word_1_325' title='bbox 946 3411 1199 3487; x_wconf 75' lang='lat' dir='ltr'><strong>Libyam</strong></span> <span class='ocrx_word' id='word_1_326' title='bbox 1224 3411 1644 3487; x_wconf 77' lang='lat' dir='ltr'><strong>pervenissent.</strong></span> <span class='ocrx_word' id='word_1_327' title='bbox 1708 3412 1902 3487; x_wconf 86' lang='lat' dir='ltr'><strong>Igitur</strong></span> <span class='ocrx_word' id='word_1_328' title='bbox 1923 3410 2239 3487; x_wconf 81' lang='lat' dir='ltr'><strong>postquam</strong></span> <span class='ocrx_word' id='word_1_329' title='bbox 2261 3414 2328 3471; x_wconf 87' lang='lat' dir='ltr'><strong>in</strong></span> 
     </span>
     <span class='ocr_line' id='line_1_38' title="bbox 141 3482 2332 3568; baseline 0.006 -32"><span class='ocrx_word' id='word_1_330' title='bbox 141 3482 367 3547; x_wconf 84' lang='lat' dir='ltr'><strong>insulam</strong></span> <span class='ocrx_word' id='word_1_331' title='bbox 394 3498 817 3563; x_wconf 79' lang='lat' dir='ltr'><strong>pervenerunt,</strong></span> <span class='ocrx_word' id='word_1_332' title='bbox 846 3499 1079 3565; x_wconf 86' lang='lat' dir='ltr'><strong>recepto</strong></span> <span class='ocrx_word' id='word_1_333' title='bbox 1104 3509 1175 3547; x_wconf 89' lang='lat' dir='ltr'><strong>eo</strong></span> <span class='ocrx_word' id='word_1_334' title='bbox 1200 3508 1377 3568; x_wconf 89' lang='lat' dir='ltr'><strong>quem</strong></span> <span class='ocrx_word' id='word_1_335' title='bbox 1404 3491 1487 3547; x_wconf 86' lang='lat' dir='ltr'><strong>ibi</strong></span> <span class='ocrx_word' id='word_1_336' title='bbox 1515 3491 1890 3563; x_wconf 81' lang='lat' dir='ltr'><strong>reliquerant,</strong></span> <span class='ocrx_word' id='word_1_337' title='bbox 1907 3492 1968 3546; x_wconf 88' lang='lat' dir='ltr'><strong>in</strong></span> <span class='ocrx_word' id='word_1_338' title='bbox 1991 3491 2120 3564; x_wconf 82' lang='lat' dir='ltr'><strong>ipsa</strong></span> <span class='ocrx_word' id='word_1_339' title='bbox 2139 3492 2332 3565; x_wconf 81' lang='lat' dir='ltr'><strong>Libya</strong></span> 
     </span>
     <span class='ocr_line' id='line_1_39' title="bbox 140 3560 2332 3642; baseline 0.004 -23"><span class='ocrx_word' id='word_1_340' title='bbox 140 3560 315 3623; x_wconf 85' lang='lat' dir='ltr'><strong>locum</strong></span> <span class='ocrx_word' id='word_1_341' title='bbox 340 3586 485 3625; x_wconf 86' lang='lat' dir='ltr'><strong>eum</strong></span> <span class='ocrx_word' id='word_1_342' title='bbox 510 3569 899 3626; x_wconf 86' lang='lat' dir='ltr'><strong>condiderunt</strong></span> <span class='ocrx_word' id='word_1_343' title='bbox 918 3572 1017 3627; x_wconf 86' lang='lat' dir='ltr'><strong>cui</strong></span> <span class='ocrx_word' id='word_1_344' title='bbox 1046 3586 1263 3627; x_wconf 86' lang='lat' dir='ltr'><strong>nomen</strong></span> <span class='ocrx_word' id='word_1_345' title='bbox 1286 3570 1475 3626; x_wconf 84' lang='lat' dir='ltr'><strong>Aziris</strong></span> <span class='ocrx_word' id='word_1_346' title='bbox 1496 3594 1512 3638; x_wconf 89' lang='lat'>;</span> <span class='ocrx_word' id='word_1_347' title='bbox 1545 3586 1722 3642; x_wconf 86' lang='lat' dir='ltr'><strong>quem</strong></span> <span class='ocrx_word' id='word_1_348' title='bbox 1745 3571 2132 3627; x_wconf 83' lang='lat' dir='ltr'><strong>amoenissimi</strong></span> <span class='ocrx_word' id='word_1_349' title='bbox 2151 3571 2332 3629; x_wconf 79' lang='lat' dir='ltr'><strong>colles</strong></span> 
     </span>
     <span class='ocr_line' id='line_1_40' title="bbox 140 3644 2000 3721; baseline 0.004 -21"><span class='ocrx_word' id='word_1_350' title='bbox 140 3644 413 3721; x_wconf 76' lang='lat' dir='ltr'><strong>utrimque</strong></span> <span class='ocrx_word' id='word_1_351' title='bbox 440 3648 781 3714; x_wconf 82' lang='lat' dir='ltr'><strong>includunt,</strong></span> <span class='ocrx_word' id='word_1_352' title='bbox 812 3657 871 3703; x_wconf 90' lang='lat' dir='ltr'><strong>et</strong></span> <span class='ocrx_word' id='word_1_353' title='bbox 898 3649 975 3705; x_wconf 84' lang='lat' dir='ltr'><strong>ab</strong></span> <span class='ocrx_word' id='word_1_354' title='bbox 1002 3649 1187 3707; x_wconf 74' lang='lat' dir='ltr'><strong>altero</strong></span> <span class='ocrx_word' id='word_1_355' title='bbox 1214 3649 1397 3706; x_wconf 85' lang='lat' dir='ltr'><strong>latere</strong></span> <span class='ocrx_word' id='word_1_356' title='bbox 1422 3649 1614 3705; x_wconf 86' lang='lat' dir='ltr'><strong>amnis</strong></span> <span class='ocrx_word' id='word_1_357' title='bbox 1639 3646 2000 3720; x_wconf 64' lang='lat' dir='ltr'><strong>praeterfluit.</strong></span> 
     </span>
    </p>

    <p class='ocr_par' dir='ltr' id='par_1_9' title="bbox 141 3727 2330 4285">
     <span class='ocr_line' id='line_1_41' title="bbox 209 3727 2324 3802; baseline 0.002 -23"><span class='ocrx_word' id='word_1_358' title='bbox 209 3727 333 3781; x_wconf 82' lang='lat'><strong>158.</strong></span> <span class='ocrx_word' id='word_1_359' title='bbox 375 3727 559 3785; x_wconf 88' lang='lat' dir='ltr'><strong>Hunc</strong></span> <span class='ocrx_word' id='word_1_360' title='bbox 584 3728 783 3783; x_wconf 85' lang='lat' dir='ltr'><strong>locum</strong></span> <span class='ocrx_word' id='word_1_361' title='bbox 812 3744 997 3802; x_wconf 87' lang='lat' dir='ltr'><strong>quum</strong></span> <span class='ocrx_word' id='word_1_362' title='bbox 1039 3745 1145 3801; x_wconf 82' lang='lat' dir='ltr'><strong>per</strong></span> <span class='ocrx_word' id='word_1_363' title='bbox 1166 3746 1271 3784; x_wconf 86' lang='lat' dir='ltr'><strong>sex</strong></span> <span class='ocrx_word' id='word_1_364' title='bbox 1296 3744 1482 3783; x_wconf 85' lang='lat' dir='ltr'><strong>annos</strong></span> <span class='ocrx_word' id='word_1_365' title='bbox 1508 3727 1909 3793; x_wconf 84' lang='lat' dir='ltr'><strong>incoluissent,</strong></span> <span class='ocrx_word' id='word_1_366' title='bbox 1935 3729 2190 3801; x_wconf 85' lang='lat' dir='ltr'><strong>septimo</strong></span> <span class='ocrx_word' id='word_1_367' title='bbox 2215 3746 2324 3785; x_wconf 83' lang='lat' dir='ltr'><strong>an·</strong></span> 
     </span>
     <span class='ocr_line' id='line_1_42' title="bbox 141 3805 2324 3881; baseline 0.002 -22"><span class='ocrx_word' id='word_1_368' title='bbox 141 3814 223 3866; x_wconf 81' lang='lat'><strong>110,</strong></span> <span class='ocrx_word' id='word_1_369' title='bbox 248 3806 621 3875; x_wconf 77' lang='lat' dir='ltr'><strong>precantibus</strong></span> <span class='ocrx_word' id='word_1_370' title='bbox 658 3806 977 3881; x_wconf 77' lang='lat' dir='ltr'><strong>indigenis,</strong></span> <span class='ocrx_word' id='word_1_371' title='bbox 1004 3815 1063 3863; x_wconf 87' lang='lat' dir='ltr'><strong>et</strong></span> <span class='ocrx_word' id='word_1_372' title='bbox 1103 3807 1411 3863; x_wconf 87' lang='lat' dir='ltr'><strong>meliorem</strong></span> <span class='ocrx_word' id='word_1_373' title='bbox 1436 3805 1500 3861; x_wconf 88' lang='lat' dir='ltr'><strong>in</strong></span> <span class='ocrx_word' id='word_1_374' title='bbox 1543 3806 1742 3863; x_wconf 86' lang='lat' dir='ltr'><strong>locum</strong></span> <span class='ocrx_word' id='word_1_375' title='bbox 1767 3824 1894 3862; x_wconf 85' lang='lat' dir='ltr'><strong>sese</strong></span> <span class='ocrx_word' id='word_1_376' title='bbox 1933 3807 2068 3863; x_wconf 88' lang='lat' dir='ltr'><strong>illos</strong></span> <span class='ocrx_word' id='word_1_377' title='bbox 2107 3807 2324 3879; x_wconf 84' lang='lat' dir='ltr'><strong>perdu-</strong></span> 
     </span>
     <span class='ocr_line' id='line_1_43' title="bbox 144 3884 2326 3960; baseline 0.003 -23"><span class='ocrx_word' id='word_1_378' title='bbox 144 3887 317 3939; x_wconf 79' lang='lat' dir='ltr'><strong>cturus</strong></span> <span class='ocrx_word' id='word_1_379' title='bbox 348 3902 491 3941; x_wconf 72' lang='lat' dir='ltr'><strong>esse</strong></span> <span class='ocrx_word' id='word_1_380' title='bbox 537 3884 978 3957; x_wconf 80' lang='lat' dir='ltr'><strong>pollicentibus,</strong></span> <span class='ocrx_word' id='word_1_381' title='bbox 1016 3887 1279 3960; x_wconf 83' lang='lat' dir='ltr'><strong>persuasi</strong></span> <span class='ocrx_word' id='word_1_382' title='bbox 1320 3892 1461 3941; x_wconf 87' lang='lat' dir='ltr'><strong>sunt</strong></span> <span class='ocrx_word' id='word_1_383' title='bbox 1501 3885 1660 3941; x_wconf 84' lang='lat' dir='ltr'><strong>hunc</strong></span> <span class='ocrx_word' id='word_1_384' title='bbox 1703 3887 2046 3959; x_wconf 80' lang='lat' dir='ltr'><strong>relinquere.</strong></span> <span class='ocrx_word' id='word_1_385' title='bbox 2123 3885 2326 3943; x_wconf 72' lang='lat' dir='ltr'><strong>Duxe-</strong></span> 
     </span>
     <span class='ocr_line' id='line_1_44' title="bbox 143 3963 2330 4039; baseline 0.003 -20"><span class='ocrx_word' id='word_1_386' title='bbox 143 3966 375 4034; x_wconf 54' lang='lat' dir='ltr'><strong>runtque</strong></span> <span class='ocrx_word' id='word_1_387' title='bbox 398 3980 503 4019; x_wconf 87' lang='lat' dir='ltr'><strong>eos</strong></span> <span class='ocrx_word' id='word_1_388' title='bbox 520 3963 737 4039; x_wconf 82' lang='lat' dir='ltr'><strong>Libyes</strong></span> <span class='ocrx_word' id='word_1_389' title='bbox 762 3964 899 4021; x_wconf 86' lang='lat' dir='ltr'><strong>inde</strong></span> <span class='ocrx_word' id='word_1_390' title='bbox 922 3973 1231 4021; x_wconf 75' lang='lat' dir='ltr'><strong>moventes</strong></span> <span class='ocrx_word' id='word_1_391' title='bbox 1258 3964 1618 4021; x_wconf 79' lang='lat' dir='ltr'><strong>occidentem</strong></span> <span class='ocrx_word' id='word_1_392' title='bbox 1645 3980 1882 4021; x_wconf 80' lang='lat' dir='ltr'><strong>versus:</strong></span> <span class='ocrx_word' id='word_1_393' title='bbox 1913 3964 2330 4037; x_wconf 65' lang='lat' dir='ltr'><strong>pulcerrimum</strong></span> 
     </span>
     <span class='ocr_line' id='line_1_45' title="bbox 144 4042 2328 4116; baseline 0.004 -21"><span class='ocrx_word' id='word_1_394' title='bbox 144 4042 323 4097; x_wconf 70' lang='lat' dir='ltr'><strong>autem</strong></span> <span class='ocrx_word' id='word_1_395' title='bbox 368 4042 675 4116; x_wconf 80' lang='lat' dir='ltr'><strong>regionem</strong></span> <span class='ocrx_word' id='word_1_396' title='bbox 720 4060 801 4099; x_wconf 88' lang='lat' dir='ltr'><strong>ne</strong></span> <span class='ocrx_word' id='word_1_397' title='bbox 842 4051 1211 4101; x_wconf 83' lang='lat' dir='ltr'><strong>transeuntes</strong></span> <span class='ocrx_word' id='word_1_398' title='bbox 1252 4043 1443 4101; x_wconf 74' lang='lat' dir='ltr'><strong>Graeci</strong></span> <span class='ocrx_word' id='word_1_399' title='bbox 1487 4044 1779 4110; x_wconf 77' lang='lat' dir='ltr'><strong>viderent,</strong></span> <span class='ocrx_word' id='word_1_400' title='bbox 1805 4052 2004 4099; x_wconf 65' lang='lat' dir='ltr'><strong>noctu</strong></span> <span class='ocrx_word' id='word_1_401' title='bbox 2023 4060 2152 4116; x_wconf 84' lang='lat' dir='ltr'><strong>:per</strong></span> <span class='ocrx_word' id='word_1_402' title='bbox 2193 4062 2328 4103; x_wconf 83' lang='lat' dir='ltr'><strong>eam</strong></span> 
     </span>
     <span class='ocr_line' id='line_1_46' title="bbox 146 4120 2330 4199; baseline 0.005 -26"><span class='ocrx_word' id='word_1_403' title='bbox 146 4128 233 4169; x_wconf 70' lang='lat' dir='ltr'><strong>eos</strong></span> <span class='ocrx_word' id='word_1_404' title='bbox 254 4120 731 4189; x_wconf 80' lang='lat' dir='ltr'><strong>transduxerunt,</strong></span> <span class='ocrx_word' id='word_1_405' title='bbox 756 4122 891 4179; x_wconf 81' lang='lat' dir='ltr'><strong>diei.</strong></span> <span class='ocrx_word' id='word_1_406' title='bbox 914 4125 1121 4180; x_wconf 86' lang='lat' dir='ltr'><strong>horam</strong></span> <span class='ocrx_word' id='word_1_407' title='bbox 1152 4124 1239 4179; x_wconf 87' lang='lat' dir='ltr'><strong>ita</strong></span> <span class='ocrx_word' id='word_1_408' title='bbox 1263 4124 1635 4179; x_wconf 73' lang='lat' dir='ltr'><strong>commensiz</strong></span> <span class='ocrx_word' id='word_1_409' title='bbox 1681 4138 1899 4179; x_wconf 87' lang='lat' dir='ltr'><strong>nomen</strong></span> <span class='ocrx_word' id='word_1_410' title='bbox 1938 4121 2082 4179; x_wconf 74' lang='lat' dir='ltr'><strong>huic·</strong></span> <span class='ocrx_word' id='word_1_411' title='bbox 2105 4124 2330 4199; x_wconf 76' lang='lat' dir='ltr'><strong>regioni</strong></span> 
     </span>
     <span class='ocr_line' id='line_1_47' title="bbox 146 4188 2326 4285; baseline 0.001 -28"><span class='ocrx_word' id='word_1_412' title='bbox 146 4188 291 4253; x_wconf 78' lang='lat' dir='ltr'><strong>lrasa</strong></span> <span class='ocrx_word' id='word_1_413' title='bbox 306 4205 421 4267; x_wconf 73' lang='lat' dir='ltr'><strong>est.</strong></span> <span class='ocrx_word' id='word_1_414' title='bbox 468 4260 483 4269; x_wconf 74' lang='grc'><strong>,</strong></span> <span class='ocrx_word' id='word_1_415' title='bbox 499 4200 721 4269; x_wconf 70' lang='lat' dir='ltr'><strong>Deinde</strong></span> <span class='ocrx_word' id='word_1_416' title='bbox 744 4218 849 4265; x_wconf 67' lang='lat' dir='ltr'><strong>en</strong></span> <span class='ocrx_word' id='word_1_417' title='bbox 876 4202 949 4269; x_wconf 80' lang='lat' dir='ltr'><strong>ad</strong></span> <span class='ocrx_word' id='word_1_418' title='bbox 975 4201 1204 4263; x_wconf 82' lang='lat' dir='ltr'><strong>fontem</strong></span> <span class='ocrx_word' id='word_1_419' title='bbox 1231 4202 1554 4271; x_wconf 68' lang='lat' dir='ltr'><strong>(luxerunt,-</strong></span> <span class='ocrx_word' id='word_1_420' title='bbox 1581 4201 1684 4285; x_wconf 85' lang='lat' dir='ltr'><strong>qui</strong></span> <span class='ocrx_word' id='word_1_421' title='bbox 1713 4200 1978 4279; x_wconf 76' lang='lat' dir='ltr'><strong>Apollini</strong></span> <span class='ocrx_word' id='word_1_422' title='bbox 2009 4218 2183 4263; x_wconf 82' lang='lat' dir='ltr'><strong>sacer-</strong></span> <span class='ocrx_word' id='word_1_423' title='bbox 2194 4220 2326 4283; x_wconf 68' lang='lat' dir='ltr'><strong>per.</strong></span> 
     </span>
    </p>
   </div>
  </div>
 </body>
</html>
