2925 4992
562 311 682 379 338
1226 308 1721 376 HERoDo‘rI
1778 308 2145 375 fflsToa.
2200 312 2341 373 vn.

655 482 784 537 141.
807 416 940 535 ’His
981 474 1218 544 auditis,
1246 474 1697 533 Atheniensium
1736 473 1918 549 legati
1954 470 2623 563 gravissimolueinent
2640 469 2729 527 ad·-

568 558 733 625 fecti.
811 556 934 618 Qui
973 570 1158 629 quum
1203 553 1288 609 ob
1333 554 1671 610 nunciatam
1712 551 2107 611 calamitatem
2146 566 2383 626 prorsus
2422 544 2735 619 abjecissent

569 639 864 700 animum,
911 572 1128 691 Timon
1171 630 1502 688 Androbnli
1546 630 1725 697 filius,
1772 630 1920 689 civis
1958 630 2331 703 Deiphenuis,
2374 636 2653 719 amemus
2682 627 2739 683 in

569 716 778 791 primis
803 714 956 769 inter
976 728 1139 777 suos,
1167 710 1466 767 consuluit
1488 710 1599 775 eis,
1626 719 1699 765 ut
1722 712 1933 767 sumtis
1958 710 2107 767 oleoe
2145 709 2323 765 ramis
2350 708 2561 763 iterum
2583 705 2737 761 intra·

572 803 726 861 rent,
755 801 816 848 et
861 791 1192 865 supplicum
1239 789 1446 845 babitu
1484 786 1679 845 denuo
1716 796 1987 899 peterent
2022 786 2349 845 oraculum.
2438 784 2549 840 Cui
2582 800 2741 859 quum

567 873 658 931 illi
701 872 966 927 obsecuti
1009 874 1219 933 essent,
1239 866 1676 940 dixissentque.
1728 869 1851 922 “O
1900 884 2003 923 rex
2045 864 2295 941 Apollo!
2357 863 2561 921 malim
2596 862 2743 919 nobis

571 949 948 1007 “oraculum
999 946 1072 1003 de
1115 946 1304 1020 patria
1338 946 1464 1027 ede,
1510 946 1619 1001 hos
1663 945 1995 1034 supplicum
2042 962 2235 1002 ramos
2274 942 2599 1015 respiciens,
2618 956 2743 1013 quos

569 1030 616 1063 “
645 1030 750 1085 tibi
783 1027 1064 1083 ferimus·
1107 1031 1210 1081 aut
1233 1042 1304 1079 ex
1336 1006 1446 1080 hoc
1468 1021 1755 1097 penetrali
1778 1038 1895 1079 non
1922 1024 2299 1089 ‹liecedimuffi
2320 1020 2425 1079 sed
2454 1020 2545 1077 bic
2569 1036 2745 1075 mane·

571 1114 618 1141 “
647 1108 842 1163 bimus
865 1120 1048 1179 usque
1081 1102 1222 1159 dum
1263 1102 1386 1158 vita
1423 1101 1831 1159 exemlamus:
1837 1103 2019 1159 ’haec
2056 1102 2163 1159 ubi
2200 1100 2502 1168 dixerunt,
2527 1098 2744 1155 alterum

575 1186 693 1245 mis
719 1183 1024 1241 oraculum
1055 1177 1261 1256 Pythia
1285 1180 1471 1236 edidit
1495 1176 1875 1251 hujusmodi·
1862 1223 1877 1237 .

769 1310 880 1359 Non
904 1313 1062 1371 potest
1083 1308 1234 1355 Pallas
1255 1310 1424 1356 Jovem
1443 1308 1716 1369 Olympium
1739 1308 1943 1365 flectere,

769 1373 940 1423 Multis
963 1374 1098 1420 illum
1121 1373 1272 1420 verbis
1295 1378 1486 1435 precata
1504 1372 1820 1435 prudentique
1840 1372 2055 1420 consilio.

765 1437 879 1487 'ribi
903 1452 1012 1485 vero
1033 1440 1125 1484 hoc
1145 1450 1307 1485 rursus
1329 1438 1525 1485 verbum
1547 1438 1696 1494 edico,
1718 1439 1978 1484 adamantis
2000 1438 2151 1483 instar
2170 1436 2357 1484 firmum
2378 1453 2392 1482 ι

769 1504 980 1555 Quando
1000 1504 1093 1549 alia
1113 1504 1274 1550 omnia
1293 1504 1560 1564 capientur,
1586 1516 1691 1563 quo
1715 1504 1842 1550 intra
1862 1503 2085 1563 Cecropis
2102 1502 2219 1549 fine·

768 1570 838 1616 lat
857 1570 976 1616 sacri
1000 1569 1284 1617 citheronis
1305 1569 1507 1615 latebras
1530 1574 1646 1615 sunt
1664 1570 2003 1629 emm-ebena
2016 1584 2037 1626 ς

766 1634 1000 1683 Tritonia
1023 1634 1114 1681 hoo
1135 1634 1218 1679 dat
1237 1634 1551 1681 late-cernens
1572 1634 1781 1694 Jupiter,
1803 1638 1860 1681 ut
1880 1634 2063 1694 ligneus
2086 1646 2249 1679 murus

770 1700 910 1747 Solus
933 1698 1308 1761 inexpugnabilis
1333 1699 1414 1755 sit,
1441 1698 1523 1759 qui
1546 1706 1595 1745 te
1618 1704 1820 1757 tuosque
1843 1697 2013 1744 liberos
2038 1702 2205 1743 servet.

768 1766 938 1824 Neque
960 1767 1017 1809 tu
1039 1764 1253 1823 equitum
1276 1762 1583 1825 peditumque
1600 1763 1841 1825 ingentem
1864 1764 2118 1809 exereitum

767 1828 1075 1888 Tranquillus
1101 1842 1258 1885 mane,
1282 1842 1310 1873 a
1331 1829 1609 1874 continente
1630 1828 1931 1874 invadentem
1948 1844 1963 1887 3
1998 1829 2079 1873 sed
2100 1827 2254 1887 recipe
2272 1830 2345 1884 te,

767 1894 924 1955 Terga
943 1898 1148 1941 vertens.
1211 1894 1320 1939 Erit
1339 1898 1548 1953 tempus,
1574 1906 1722 1952 quum
1738 1898 1797 1939 tu
1816 1894 1963 1939 etium
1985 1896 2155 1940 contu
2168 1892 2332 1939 mnis.
2370 1922 2379 1931 -

769 1960 817 2011 0
839 1960 1000 2005 divina
1019 1958 1252 2006 Salamis!
1287 1959 1452 2017 perdes
1475 1965 1531 2003 tu
1552 1958 1675 2005 filios
1698 1959 1969 2015 nnumin,

772 2024 882 2071 Sive
905 2024 1076 2083 passim
1101 2023 1404 2071 disseminata
1426 2025 1612 2083 Cerere,
1637 2023 1737 2071 sive
1759 2024 1970 2071 collecta.

585 2224 596 2235 ⁶
656 2162 790 2217 142.
829 2158 980 2221 Quae
1019 2174 1206 2233 quum
1250 2156 1484 2215 mitiora
1526 2158 1665 2233 ipsis
1707 2166 1897 2216 essent
1938 2175 2179 2232 esseque
2220 2158 2564 2217 viderentur
2602 2174 2748 2233 quam

573 2239 736 2315 prius
781 2236 1004 2297 editum
1059 2238 1383 2304 oraculum,
1431 2237 1649 2311 scripto
1706 2238 1829 2297 haec
1874 2239 2316 2313 consignarunt,
2380 2246 2444 2295 et
2493 2238 2747 2294 redierunt

576 2316 852 2377 Athenas.
951 2314 1022 2371 ld
1067 2316 1259 2389 ipsum
1305 2334 1442 2372 vero
1488 2334 1829 2389 responsum
1876 2325 2186 2395 postquam
2233 2319 2452 2374 reversi
2493 2310 2661 2393 legati
2692 2312 2751 2371 ad

576 2396 866 2473 populum
895 2392 1160 2461 retulere,
1191 2404 1248 2451 et
1277 2394 1406 2451 aliae
1431 2395 1637 2453 multae
1664 2394 2006 2455 dicebantur
2044 2395 2345 2453 sententiae
2374 2394 2451 2451 ab'
2479 2396 2568 2467 his
2592 2395 2678 2471 qui
2703 2394 2751 2448 in

575 2482 832 2533 mentem
863 2473 1080 2529 oraculi
1109 2472 1509 2549 inquirebant,
1537 2482 1598 2529 et
1625 2472 1715 2529 hae
1740 2472 1869 2529 duae
1898 2474 2151 2529 maxime
2178 2474 2326 2528 inter
2354 2492 2418 2531 se
2443 2474 2748 2531 conflictan-

579 2566 688 2614 tes.
769 2552 1066 2611 Dicebant
1092 2552 1394 2609 seniorum
1420 2552 1713 2617 nonnulli,
1744 2552 1927 2607 videri
1967 2552 2145 2608 deum
2185 2548 2517 2627 significare
2538 2548 2750 2625 supersu-

579 2624 764 2689 turam
804 2648 912 2687 esse
953 2648 1147 2687 arcem.
1225 2628 1370 2685 Erat
1396 2630 1551 2687 enim
1592 2631 1736 2690 olim
1768 2649 1872 2686 arx
1906 2630 2266 2687 Athenarum
2310 2646 2480 2705 septo
2519 2631 2748 2687 munitat

577 2710 642 2769 hi
689 2709 894 2797 igitur,
943 2707 999 2765 id
1048 2715 1277 2782 septum
1321 2708 1671 2782 cogitantes,
1703 2708 1861 2764 hunc
1900 2726 2024 2765 esse
2069 2708 2302 2781 ligneum
2351 2710 2523 2766 illum
2567 2724 2746 2764 murum

577 2776 1080 2861 conjectabantur.
1158 2786 1274 2843 Alii
1300 2790 1525 2853 contra,
1554 2805 1735 2853 naves,
1774 2787 2035 2855 aiebant,
2064 2807 2097 2842 a
2139 2789 2235 2842 deo
2283 2789 2607 2863 significari·
2642 2786 2749 2843 has·

577 2885 692 2942 que
721 2862 1002 2941 parandas
1027 2882 1170 2927 esse,
1200 2872 1372 2939 atque
1420 2865 1787 2923 instruendas
1828 2866 2060 2923 omissis
2100 2864 2227 2921 aliis
2267 2869 2444 2923 rebus
2492 2866 2747 2931 omnibus,

577 2944 1032 3002 contendebant.
1111 2940 1197 2998 Hi
1221 2961 1357 2999 vero
1387 2944 1519 3016 ipsi,
1544 2943 1643 3017 qui
1671 2962 1831 2999 naves
1856 2963 1963 3001 esse
1990 2944 2259 3001 dicebant
2286 2944 2524 3019 ligneum
2549 2960 2746 3011 murum,

581 3023 646 3083 in
675 3024 904 3081 duobus
933 3022 1242 3097 postremis
1267 3022 1495 3097 Pythiae
1520 3022 1783 3079 versibus
1807 3022 1920 3079 illis
1950 3024 2330 3080 haesitabant.

904 3174 950 3219 Ο
975 3172 1132 3218 divina
1155 3172 1378 3218 Salamis!
1416 3173 1579 3231 perdes
1601 3177 1657 3219 tu
1680 3172 1801 3223 filios
1825 3174 2093 3231 mulierum,

907 3238 1016 3286 Siv‘e
1037 3238 1210 3297 passim
1231 3238 1536 3285 disseminata
1558 3238 1743 3297 Cerere,
1760 3238 1861 3285 sive
1882 3241 2094 3288 collecta.

581 3378 736 3439 Quae
759 3375 838 3431 ob
867 3375 1043 3432 verba
1066 3334 1491 3433 conturbantur
1508 3377 1688 3433 animi
1716 3394 1919 3433 eorum
1946 3378 2048 3469 qui
2070 3386 2232 3435 naver
2256 3373 2753 3451 interpretabantur
2826 3394 2837 3409 ·

587 3457 825 3527 ligneum
850 3472 1084 3511 neuram.
1162 3454 1317 3513 Nam
1346 3456 1690 3527 interpretes
1716 3455 1977 3513 oraculi·
1962 3472 2025 3511 ιιι
2057 3457 2207 3513 hanc
2234 3457 2580 3513 sententiam
2606 3450 2753 3509 verba

584 3534 712 3591 hoec
747 3534 1129 3607 accipiebant,
1157 3534 1324 3608 quasi
1371 3534 1445 3590 ad
1490 3532 1841 3591 Salaminem
1884 3543 2078 3591 essent
2119 3534 2348 3593 cladem
2394 3532 2692 3608 accepturi,
2712 3527 2752 3585 si

584 3612 658 3671 ad
688 3611 960 3668 navalem
987 3630 1254 3687 pugnam
1283 3628 1410 3669 sese
1429 3620 1885 3685 comparassent

673 3696 801 3747 143.
842 3690 986 3746 Erat
1011 3701 1210 3747 autem
1239 3691 1483 3747 Athenis
1506 3693 1597 3747 vir
1620 3692 1881 3764 quidem,
1908 3708 2095 3765 nuper
2119 3692 2273 3751 inter
2294 3692 2605 3767 primarios
2622 3687 2751 3745 cives

584 3772 786 3829 locum
812 3778 1180 3834 consecutus,
1209 3769 1305 3825 cui
1331 3778 1454 3825 erat
1494 3786 1707 3825 nomen
1750 3770 2140 3837 Themistocles,
2170 3772 2356 3846 vulgo
2384 3788 2534 3827 vero
2570 3764 2752 3827 Neocli!

585 3850 729 3905 filius
755 3847 1173 3922 adpellabatu'r.
1255 3846 1375 3904 Hic
1401 3844 1514 3916 vir,
1538 3863 1761 3925 negans
1790 3856 1943 3905 reete
1970 3848 2080 3905 ista
2103 3849 2285 3923 accipi
2315 3850 2389 3905 ab
2416 3848 2751 3905 oraculorum

578 3927 1020 4000 interpretibus,
1048 3928 1110 3983 in
1149 3926 1304 3983 hanc
1349 3928 1708 3983 sententiam
1738 3926 2025 3983 disseruit.
2131 3928 2241 3983 ‘Si
2288 3928 2359 3985 ad
2402 3927 2749 3985 Athenienses

614 4013 864 4061 ‘revera
885 4012 1174 4080 spectaret
1197 4003 1354 4061 istud
1374 4004 1627 4071 dictum,
1646 4024 1761 4063 non
1782 4006 1927 4061 adeo
1946 4004 2077 4065 miti
2091 4009 2271 4063 verbo
2286 4024 2527 4065 usurum
2544 3998 2750 4065 arnse?

584 4085 690 4158 ait,
721 4088 762 4115 “
781 4083 979 4151 deum,
1003 4085 1102 4141 sed
1135 4084 1190 4139 O
1206 4082 1420 4139 misera
1437 4084 1687 4139 Salamis
1706 4085 1997 4142 dicturum
2026 4086 2227 4152 fuisse,
2244 4104 2361 4143 non
2382 4089 2438 4139 υ
2457 4078 2749 4141 dirim&-

586 4162 862 4232 “lamis;
907 4162 958 4219 si
985 4164 1220 4235 quidem
1247 4162 1402 4217 eirea
1423 4176 1557 4219 eam
1592 4163 1837 4235 perituri
1870 4170 2063 4221 essent
2084 4164 2309 4223 incola.
2386 4158 2495 4221 Sed
2526 4160 2673 4219 enim
2702 4154 2749 4209 in

587 4235 863 4299 “hostes
910 4242 1104 4299 talete
1153 4240 1248 4299 dei
1289 4258 1659 4317 responsum,
1686 4241 1736 4299 si
1765 4241 1898 4341 quis
1926 4241 2073 4300 illud
2119 4250 2274 4301 recte
2315 4241 2620 4319 intelligat,
2645 4248 2747 4295 non
