2925 4992
1104 304 1474 365 URANIA.
2256 309 2378 374 :³⁷³

176 471 315 517 rum
358 459 765 529 invadentem,
810 460 1127 521 insanabili
1172 461 1339 521 clade
1374 461 1728 521 adfecerant.
1812 462 1972 521 Nam
2009 462 2072 520 in
2113 461 2382 533 introitu,

176 539 283 612 qui
308 546 401 595 est
426 539 501 595 ad
528 539 917 634 Hyampolin,
940 540 1125 601 ducta
1144 542 1389 616 ingente
1410 542 1638 611 fossa,'
1621 560 1684 601 ιιι
1713 558 1900 615 eaque
1924 543 2123 599 vacuis
2149 543 2384 616 deposi-

174 618 255 675 tis
291 617 615 691 amphoris,
642 626 703 675 et
728 619 857 677 solo
882 615 1100 690 injecta
1144 620 1327 677 humo
1366 636 1564 678 rursus
1603 628 1856 694 aequato,
1895 619 2254 679 incurrentes
2281 640 2384 681 ex·-

174 704 583 787 spectaverant
626 697 957 755 Thessalos.
1034 696 1117 755 Et
1156 698 1268 764 illi,
1320 706 1618 771 tamquam
1663 698 1838 755 facile
1877 716 1982 755 eos
2025 697 2384 772 oppressuri,

174 790 399 849 magno
425 775 655 849 impetu
694 777 937 844 invecti,
966 777 1029 833 in
1056 760 1369 850 amphoras
1395 777 1744 844 inciderant,
1773 786 1832 833 et
1859 779 2006 851 equi
2019 776 2220 835 fractis
2245 796 2382 837 cru-

174 852 341 909 ribus
368 854 677 926 perierant.

251 934 355 989 29.
394 926 579 1003 Cujus
620 932 867 1035 duplicis
915 932 1097 991 cladis
1138 948 1347 991 caussa
1385 933 1604 991 infensi
1645 932 2046 991 Phocensibus
2094 933 2383 1005 Thessali,

170 1008 363 1065 misso
412 1026 697 1082 praecone,
712 1012 933 1069 haecce
984 1012 1069 1069 eis
1108 1011 1379 1069 edixere:
1426 1012 1750 1072 “Meliora
1787 1012 2002 1080 edocti,
2028 976 2384 1081 Phocenses:

174 1086 567 1163 “intelligite
611 1090 871 1160 tandem,
906 1106 1071 1164 pares
1118 1107 1223 1147 vos
1264 1091 1437 1149 nobis
1479 1106 1602 1149 non
1641 1109 1786 1149 esse.
1866 1092 2026 1149 Nam
2049 1100 2112 1149 ct
2137 1092 2386 1151 antehac

170 1164 403 1223 “inter
428 1168 689 1234 Graecos,
716 1168 909 1241 quoad
936 1168 1101 1228 nobis
1126 1186 1217 1227 res
1242 1186 1447 1228 eorum
1490 1170 1782 1243 placuere,
1803 1171 2130 1243 superiores
2153 1188 2386 1245 semper

173 1242 475 1301 “fuimus
502 1244 691 1312 vobis,
720 1254 781 1303 et
806 1264 965 1305 nunc
992 1247 1147 1321 apud
1174 1248 1507 1306 Barbarum
1542 1254 1770 1307 tantum
1796 1250 2082 1316 valemus,
2113 1258 2186 1305 ut
2207 1266 2386 1342 penes

194 1327 365 1379 ‘nos
390 1323 469 1379 sit
496 1332 557 1381 et
582 1342 729 1399 agro
762 1342 865 1382 vos
896 1326 1059 1389 exui,
1088 1334 1151 1381 et
1172 1325 1239 1409 in·
1258 1326 1600 1383 servitutem
1625 1326 1830 1400 abripi.
1893 1328 1992 1393 At,
2019 1325 2158 1383 licet
2183 1328 2387 1385 omnia

166 1401 557 1473 “possimus,
586 1412 787 1459 tamen
816 1398 1159 1473 iniuriarum
1200 1401 1319 1461 n'on
1359 1420 1564 1461 sumus
1599 1423 1924 1463 memores·
1971 1404 2073 1462 sed
2117 1422 2226 1477 pro
2263 1406 2386 1463 illis

165 1483 211 1510 “
240 1479 643 1552 rependantur
690 1482 861 1539 nobis
906 1483 1343 1556 quinquaginta
1380 1483 1608 1571 argenti
1649 1484 1905 1551 talenta3
1966 1491 2026 1541 et
2068 1483 2383 1557 recipimus

160 1556 437 1624 “vobis,
464 1576 769 1617 aver-suros
796 1578 901 1619 nos
928 1561 1087 1617 mala
1114 1567 1282 1617 terroe
1308 1569 1518 1617 vestrae
1539 1558 1999 1654 ἱιιιρειιᾱειιιίιι.”

248 1638 351 1691 30.
390 1598 541 1696 l'iaee
580 1637 979 1696 Phocensibus
1004 1639 1273 1697 Thessali
1308 1638 1558 1697 edixere.
1639 1637 1761 1697 Soli
1785 1642 1944 1697 enim
1983 1658 2058 1699 ex
2097 1641 2380 1701 omnibus

164 1712 411 1771 illarum
458 1717 772 1791 regionum
818 1717 1149 1775 hominibus
1172 1718 1505 1773 Phocenses
1531 1717 1844 1775 Medorum
1889 1728 2082 1792 partes
2123 1736 2244 1777 non
2287 1736 2381 1775 se·

163 1792 529 1864 quebantur,
558 1796 723 1853 nulla
744 1796 977 1888 qui-dem
1006 1796 1122 1853 alia
1158 1794 1233 1853 de
1268 1812 1496 1862 caussa,
1526 1803 1594 1851 ut
1619 1812 1732 1888 ego
1761 1798 1990 1855 collatis
2013 1797 2172 1857 inter
2193 1815 2256 1853 se
2283 1815 2378 1853 ra-

160 1867 437 1927 tionibus
466 1875 710 1946 reperio,
740 1873 855 1931 nisi
880 1875 1017 1931 odio
1044 1874 1499 1931 Thessalorum·
1483 1898 1502 1947 3
1545 1875 1644 1947 qui
1675 1875 1728 1932 si
1749 1875 2090 1931 Graecorum
2119 1875 2384 1949 partibus

164 1964 239 2005 se
284 1946 709 2021 adjunxissent,
738 1970 877 2011 cum
918 1952 1113 2011 Medis
1153 1952 1365 2010 facturi
1404 1952 1735 2011 Phocenses
1778 1961 1960 2013 erant.
2035 1950 2160 2011 Ista
2198 1954 2386 2029 igitur

158 2043 361 2100 quum
403 2030 667 2089 ‘Thessali
702 2032 1061 2101 edixissent,
1120 2048 1216 2087 nec
1260 2035 1520 2103 pecunias
1565 2049 1620 2087 se
1660 2033 1907 2103 daturos,
1955 2032 2383 2105 responderunt

162 2104 527 2174 Phocenses,
578 2117 631 2165 et
680 2112 739 2167 in
778 2116 1000 2181 promtu
1040 2110 1143 2167 sibi
1162 2127 1293 2174 esse,
1337 2110 1629 2167 Medorum
1667 2118 1873 2183 partes,
1913 2113 2161 2167 similiter
2211 2119 2382 2183 atque

172 2183 681 2261 Thessalifaciant,
708 2189 983 2261 amplecti,
1008 2191 1059 2245 si
1080 2190 1237 2245 nando
1262 2189 1497 2257 vellent3
1539 2190 1634 2247 sed
1659 2190 1803 2245 nolle
1825 2207 1882 2245 se
1907 2190 2053 2245 altro
2070 2190 2381 2261 proditore·

162 2280 283 2319 esse
316 2266 555 2321 Groeciae.

254 2347 359 2403 31.
399 2343 575 2406 Quod
614 2343 721 2401 ubi
764 2343 1015 2403 relatum
1064 2354 1155 2401 est
1199 2361 1564 2417 responsum,
1591 2353 1720 2401 tum
1764 2360 1903 2399 vero
1929 2343 2215 2410 Thessali,
2244 2345 2379 2401 irati

160 2422 592 2489 Phocensibus,
637 2422 749 2479 vioe
788 2422 965 2479 duces
1015 2422 1185 2479 >fuere
1222 2422 1503 2481 Barbaro.
1599 2421 1682 2481 Et
1721 2423 1978 2494 primum
2020 2422 2262 2495 quidem
2303 2441 2378 2481 ex

158 2501 491 2559 Trachinia
534 2500 818 2557 Doridem
859 2511 996 2559 sunt
1034 2501 1299 2576 ingressi.
1378 2501 1622 2559 Etenim
1651 2500 1884 2559 Doricae
1922 2507 2091 2559 terra».
2123 2510 2378 2575 angusta

160 2579 405 2647 lacinia,
432 2580 677 2655 triginta
698 2578 825 2635 fere
845 2579 1171 2637 stadiorum
1196 2580 1532 2648 latitudine,
1561 2581 1674 2636 huc
1699 2580 1948 2654 porrigit
1995 2598 2044 2647 ι·,
2071 2577 2220 2637 inter
2241 2579 2385 2637 Maae

161 2660 385 2717 lincam
428 2667 491 2715 et
528 2657 845 2715 Phocidem
890 2666 1103 2715 terram
1146 2654 1492 2728 interjecta3
1539 2660 1640 2733 qui
1679 2666 1898 2715 tractus
1935 2597 2082 2715 <iiim
2119 2656 2375 2733 Dryopis

162 2744 321 2795 erat.
399 2736 511 2793 Est
532 2746 732 2793 autem
773 2736 899 2793 haec
940 2737 1103 2811 regio
1142 2736 1484 2809 metropolis
1521 2737 1926 2802 Doriensium,
1954 2737 2056 2809 qui
2082 2736 2376 2811 Pelopon-

166 2832 391 2875 nesum
436 2816 722 2873 incolunt.
816 2814 995 2871 Hanc
1038 2816 1223 2889 igitur
1262 2814 1550 2872 Doridem
1591 2822 1806 2871 terram
1857 2815 2103 2888 ingressi
2147 2815 2376 2875 barbari

164 2912 296 2952 non
320 2901 663 2951 vastarunt·
706 2894 925 2949 etenim
948 2910 1087 2949 cum
1112 2892 1303 2951 Medis
1328 2894 1662 2951 sentiebant
1687 2892 1920 2960 incolae,
1947 2910 2054 2949 nec
2079 2894 2377 2967 placuerat

166 2972 493 3031 Thessalis
500 2981 571 3029 ut
594 2966 809 3042 injuria
830 2972 923 3029 his
950 2970 1377 3029 inferretur..

250 3055 351 3113 32,
396 3050 483 3108 Ut
504 3068 647 3107 vero
670 3068 744 3108 ex
772 3050 1033 3107 Doride
1018 3067 1079 3105 ιιι
1110 3050 1427 3111 Phocidem
1464 3058 1608 3107 sunt
1645 3050 1922 3125 ingressi,
1949 3052 2108 3124 ipsos
2133 3051 2374 3126 quidem

166 3130 505 3188 Phocenses
548 3146 667 3185 non
712 3136 853 3185 sunt
900 3128 1072 3184 nacti.
1150 3128 1305 3185 Nam
1350 3147 1555 3185 eorum
1593 3129 1694 3185 alii
1735 3130 1794 3185 in
1837 3128 2102 3185 Parnassi
2137 3130 2378 3206 fastigia

166 3208 677 3267 conscenderant.
732 3215 825 3265 est
860 3214 1055 3263 antem
1096 3206 1173 3262 ad
1215 3207 1610 3279 recipiendam
1656 3195 2094 3265 multitudinem
2134 3207 2376 3267 idoneus

166 3286 449 3346 Parnassi
474 3295 677 3343 vertex
696 3294 906 3343 contra
924 3285 1197 3341 Neonem
1225 3286 1506 3359 oppidum
1543 3304 1811 3343 seorsum
1839 3285 2014 3352 sitne,
2043 3286 2138 3343 cui
2163 3287 2374 3345 Titho-

168 3384 275 3423 rea
298 3381 556 3425 nomen·
540 3402 557 3433 ,
600 3365 663 3421 in
690 3382 870 3438 quem
896 3364 1183 3421 nimirum
1220 3374 1283 3421 et
1324 3383 1413 3423 res
1452 3382 1586 3422 suas
1611 3372 2146 3437 comportaverant,
2175 3372 2234 3421 et
2261 3367 2376 3441 ipsi
2421 3384 2426 3388 ·

166 3443 613 3503 adscenderunt.
690 3438 887 3512 Maior
928 3460 1065 3499 vero
1106 3458 1239 3515 pars
1276 3445 1620 3501 eorumdem
1653 3444 1714 3500 in
1744 3444 1960 3501 Ozolas
2001 3443 2222 3501 Locros
2247 3462 2374 3503 sese

168 3530 349 3597 atque
390 3538 479 3577 res
520 3538 655 3579 suas
681 3527 1033 3595 receperant,
1063 3521 1124 3575 in
1152 3520 1524 3594 Amphissam
1553 3521 1860 3595 oppidum,
1887 3539 2064 3593 supra
2092 3522 2372 3581 Crisaeum

168 3617 451 3675 campum
478 3602 680 3657 situm.
759 3598 1003 3661 Barbari
1046 3607 1246 3655 autem
1288 3601 1618 3655 universam
1661 3607 1876 3657 terram
1918 3600 2234 3657 Phocidem
2277 3601 2373 3657 in·

168 3686 483 3739 cursarunt
501 3703 519 3749 3
564 3679 661 3735 ita.
688 3679 846 3738 enim
880 3678 1201 3735 exercitum
1244 3676 1534 3735 duxerunt
1562 3678 1859 3735 Thessali:
1905 3686 1966 3734 et
2005 3694 2375 3751 quocumque

170 3764 594 3831 pervenerunt,
622 3764 835 3815 cuncta
860 3763 1197 3813 cremarunt
1220 3764 1654 3831 vastarumque,
1683 3756 1880 3832 ignem
1900 3765 1960 3815 et
1989 3758 2046 3813 in
2075 3757 2289 3831 oppida
2313 3763 2374 3815 et

172 3839 237 3897 in
264 3836 491 3911 templa
516 3834 857 3905 injicientes·

244 3919 349 3973 33.
390 3914 525 3973 Hac
550 3914 713 3971 enim
752 3914 865 3971 iter
888 3912 1167 3971 facientes
1210 3912 1536 3971 secundum
1565 3913 1910 3986 Cephissum
1941 3911 2208 3979 fluvium,
2235 3932 2368 3971 om-

170 3995 269 4053 nia
308 3992 653 4069 depopulati
698 3999 877 4062 sunt3
922 3998 1373 4065 cremaruntque
1418 3991 1689 4065 Drymou
1733 3990 2039 4065 oppidum,
2065 3999 2126 4047 et
2151 3992 2370 4050 Chara-

170 4076 365 4141 dram,
390 4080 457 4131 et
480 4068 803 4137 Erochum,
828 4078 889 4127 et
912 4068 1327 4136 Tethronium,
1354 4077 1415 4127 et
1447 4070 1870 4143 Amphicseam,
1899 4075 1958 4124 et
1983 4068 2278 4139 Neonem,
2312 4080 2372 4129 et

170 4152 441 4224 Pedicas,
482 4159 547 4209 et
589 4148 843 4227 Triteas,
884 4157 945 4213 et
979 4147 1275 4217 Elaeam,
1304 4156 1366 4208 et
1400 4148 1785 4227 Hyampolin,
1813 4154 1878 4205 et
1907 4146 2368 4226 Parapotamios,
