2925 4992
1114 320 1487 381 URANIA.
2291 328 2404 381 831

192 486 237 512 “
266 487 381 546 est,
405 478 673 535 divinum
698 495 825 535 esse
840 479 993 535 hunc
1010 494 1243 547 sonum,
1262 479 1337 537 ab
1351 479 1629 537 Eleusine
1645 480 1862 537 auxilio
1881 480 2213 539 venientem
2235 483 2407 539 Athe-

192 566 242 591 “
268 558 573 615 aiensibus
596 573 920 631 eorumque
952 556 1140 613 sociis.
1222 559 1397 620 Quod
1436 560 1674 632 quidem
1715 567 2016 615 ostentum
2041 560 2092 615 si
2125 561 2412 635 Pelopon-

192 644 237 669 “
264 654 477 694 nesum
500 652 703 692 versus
741 636 935 703 cadet,
962 637 1291 710 periculum
1328 638 1434 711 ipsi
1464 638 1622 713 Regi
1646 646 1708 695 et
1745 638 2110 712 pedestribus
2137 640 2292 695 illius
2315 657 2415 696 co-

194 724 241 749 “
260 716 385 791 piis
408 713 521 773 erit
546 737 561 771 z
606 714 698 771 sin
722 716 796 771 ad
822 715 1071 771 classem
1094 725 1473 773 convertetur
1499 734 1632 792 quse
1659 716 1952 773 Salamine
1973 724 2082 784 est,
2107 718 2414 775 navalibus

193 802 241 827 “
269 794 463 871 Regis
494 792 682 866 copiis
704 794 953 851 exitium
994 795 1373 867 portenderit.
1452 798 1656 871 Agunt
1701 804 1900 853 autem
1941 798 2256 869 quotannis
2302 800 2416 855 hoc

192 880 239 907 “
270 874 497 931 festum
525 872 915 931 Athenienses
944 870 1141 929 Cereri
1166 874 1349 931 Matri
1374 881 1436 930 et
1456 870 1854 947 Proserpinaez
1897 881 1978 941 et,
2001 875 2262 949 quisquis
2285 878 2417 933 vult

193 960 237 985 “
266 955 538 1027 ipsorum
564 958 625 1007 et
652 952 1011 1026 reliquorum
1031 951 1394 1019 Graecorum,
1422 955 1512 1009 his
1541 954 1716 1011 sacris
1742 954 2010 1011 initiatur
2031 978 2048 1024 3
2081 961 2144 1011 et
2171 956 2284 1012 hoc
2309 974 2416 1013 vo-

194 1039 237 1065 “
266 1033 356 1087 cis
383 1048 549 1097 sono,
576 1047 755 1105 quem
782 1030 973 1097 audis,
1002 1030 1065 1086 in
1092 1027 1353 1102 ejusdem
1390 1030 1528 1089 festi
1567 1032 1928 1091 solemnibus
1955 1031 2235 1091 Iacchum
2261 1036 2416 1092 eele-

192 1116 237 1143 “
272 1112 495 1167 lirant-⁹
578 1109 669 1165 Ad
711 1109 835 1165 haec
860 1109 1248 1167 Demaratum
1280 1109 1528 1167 dixisse:
1573 1116 1592 1142 ‘
1621 1108 1934 1168 Silentium
1975 1122 2138 1180 tene,
2165 1130 2278 1170 nec
2318 1115 2418 1173 alii

192 1197 237 1221 “
268 1190 547 1263 cuiquam
574 1188 687 1243 hoc
712 1188 888 1245 dicas.
932 1224 940 1232 -
968 1187 1143 1248 Quod
1169 1189 1396 1245 sienim
1424 1190 1500 1245 ad
1527 1188 1757 1266 Regem
1788 1189 2122 1247 deferentur
2164 1191 2288 1249 haec
2314 1201 2419 1250 tua

193 1276 234 1301 “
272 1268 475 1334 verba,
500 1268 693 1340 capite
719 1266 867 1332 lues,
892 1284 999 1323 nec
1024 1276 1129 1324 aut
1156 1284 1269 1341 ego
1296 1277 1399 1324 aut
1424 1270 1742 1343 quisquam
1779 1269 2092 1326 hominum
2119 1270 2269 1329 alius
2297 1290 2418 1329 ser-

190 1353 233 1383 “
266 1365 411 1403 vare
434 1356 495 1405 te
520 1345 756 1419 poterit.
835 1346 1036 1406 Quare
1067 1355 1135 1403 tu
1163 1347 1303 1403 sile:
1346 1348 1506 1420 quod
1545 1356 1744 1405 autem
1787 1348 1858 1405 ad
1906 1349 2224 1405 exercitum
2264 1350 2420 1407 hunc

190 1433 237 1459 “
271 1426 554 1501 pertinet,
584 1424 643 1479 id
671 1424 803 1481 Deo
828 1441 987 1481 curae
1012 1426 1159 1481 erit.'
1227 1425 1361 1482 Hoc
1386 1426 1500 1483 sibi
1521 1425 1910 1484 Demaratum
1937 1423 2018 1483 ait
2043 1430 2415 1503 praecepisse:

190 1512 237 1537 “
268 1514 405 1562 tum
434 1522 569 1559 vero
594 1522 669 1558 ex
700 1502 939 1578 pulvere
966 1512 1026 1559 et
1054 1504 1249 1559 sonitu
1280 1511 1473 1561 ortam
1497 1523 1624 1562 esse
1651 1506 1890 1572 nubem,
1920 1523 2052 1578 quae
2075 1508 2134 1562 in
2163 1508 2420 1563 sublime

192 1590 247 1617 “
274 1584 497 1648 levata,
526 1598 729 1637 versus
756 1582 1113 1639 Salaminem
1142 1583 1212 1638 ad
1256 1592 1444 1639 castra
1471 1584 1812 1641 Graecorum
1843 1584 2038 1641 delata
2061 1586 2155 1641 sit.
2237 1586 2330 1642 lta
2357 1604 2419 1642 se

196 1669 248 1695 “
274 1661 660 1726 intellexisse,
678 1662 927 1717 classem
947 1661 1161 1717 Xerxis
1188 1662 1482 1733 perditum
1498 1662 1622 1718 iri.’'
1669 1663 1816 1719 Haec
1828 1664 2420 1741 Dicaeus,Theocydis

191 1741 384 1805 filius,
410 1740 720 1807 referebat,
749 1740 1138 1796 Demaratum
1166 1740 1429 1815 aliosque
1456 1748 1634 1797 testes
1662 1743 1863 1798 citans.

282 1822 380 1875 66.
424 1820 694 1875 Nauticus
728 1818 928 1874 Xera-is
965 1821 1258 1885 exercitus,
1301 1830 1612 1893 postquam
1653 1838 1726 1875 ex
1765 1818 2076 1887 Trachine,
2105 1831 2418 1894 conspecta

192 1898 503 1956 Laconica
530 1907 745 1971 strage,
775 1898 831 1952 in
866 1896 1171 1953 Histiaeam
1201 1915 1398 1953 rursus
1426 1894 1770 1969 trajecisset,
1799 1906 1914 1955 tres
1941 1900 2063 1956 dies
2099 1898 2184 1956 ibi
2222 1919 2418 1958 mora-

194 1986 301 2035 tus
328 1996 433 2051 per
462 1976 750 2049 Euripum
791 1976 1113 2049 navigavit,
1142 1985 1203 2033 et
1244 1976 1371 2032 aliis
1412 1977 1598 2034 tribus
1625 1979 1830 2034 diebus
1857 1978 2172 2035 Phalerum
2215 1997 2420 2053 perve-

194 2057 311 2113 nit.
398 2056 803 2127 Vident-utque
836 2056 983 2111 mihi
1028 2054 1251 2121 hosteS,
1292 2064 1353 2111 et
1392 2064 1548 2111 terra
1589 2066 1650 2113 et
1687 2060 1838 2115 mari
1876 2058 2270 2128 advenientes,
2301 2076 2421 2120 non

202 2136 436 2190 minore
486 2131 687 2189 homin
699 2150 796 2189 um
844 2150 1097 2191 numero
1138 2134 1403 2191 Athenas
1444 2136 1748 2202 invasisse,
1777 2154 1956 2210 quam
1998 2155 2136 2193 cum
2185 2156 2302 2212 quo
2343 2139 2420 2195 ad

200 2213 516 2287 Sepiadem
539 2221 822 2269 venerant
860 2221 921 2269 et
960 2214 1033 2270 ad
1065 2212 1511 2287 Thermopylas.
1593 2214 1692 2269 Eis
1733 2217 1886 2271 enim
1929 2217 2030 2287 qui
2070 2224 2420 2291 tempestate

202 2294 525 2367 perierunt,
554 2299 615 2347 et
640 2292 741 2364 qui
772 2290 844 2346 ad
870 2291 1296 2367 Thermopylas
1322 2292 1660 2347 ceciderunt
1685 2295 1828 2349 etin
1859 2293 2164 2350 navalibus
2201 2297 2420 2371 pugnis

204 2372 283 2427 ad
312 2371 717 2435 Artemisium,
747 2371 853 2425 hos
881 2388 1118 2443 oppono
1146 2366 1245 2444 qui
1276 2378 1417 2426 tunc
1458 2371 1729 2427 nondum
1771 2372 1953 2427 secuti
1995 2389 2196 2447 regem
2235 2383 2418 2441 erant,

196 2450 543 2516 Malienses,
571 2457 629 2505 et
654 2449 991 2515 Dorienses,
1022 2456 1083 2505 et
1108 2448 1355 2515 Locros,
1384 2456 1443 2503 et
1471 2448 1749 2519 Boeotos;
1795 2451 1896 2524 qui
1939 2468 2098 2507 nunc
2137 2453 2418 2509 omnibus

202 2530 417 2603 copiis,
444 2528 703 2601 exceptis
736 2528 1198 2601 Thespiensibus
1236 2536 1295 2582 et
1340 2526 1780 2595 PlataeensibUS,
1809 2546 1944 2585 eum
1987 2530 2415 2603 sequebantur3

204 2609 280 2664 ad
324 2608 451 2663 haec
488 2608 691 2681 utique
716 2607 1030 2681 Carystius,
1058 2615 1117 2663 et
1142 2606 1414 2673 Andrios,
1440 2615 1501 2663 et
1525 2602 1766 2675 Tenios,
1781 2608 2164 2683 „reliquosque
2202 2610 2423 2667 insula-
2526 2657 2535 2666 .

206 2704 346 2743 rum
370 2680 590 2742 incolas
618 2702 852 2751 omneS,
882 2694 1093 2760 praeter
1114 2688 1375 2761 quinque
1418 2685 1543 2742 illas
1585 2686 1872 2754 civitateS,
1901 2706 2146 2761 quarum
2177 2690 2425 2746 nomina

202 2782 387 2839 supra
427 2761 903 2821 commemoravi.
980 2764 1141 2821 Nam
1168 2782 1287 2837 quo
1327 2763 1520 2841 magis
1561 2766 1716 2821 intro
1757 2767 1818 2821 in
1849 2767 2138 2825 Graeciam
2179 2784 2420 2845 progre-

204 2844 481 2901 diebatur
504 2843 702 2909 Persa,
728 2851 892 2901 tanto
921 2845 1115 2917 plures
1140 2861 1279 2899 eum
1306 2843 1515 2918 populi
1536 2844 1942 2918 sequebantur.

286 2926 384 2986 6⁴7.
426 2922 745 2996 Postquam
792 2922 975 2997 igitur
1017 2924 1079 2977 hi
1116 2939 1321 2979 omnes
1348 2922 1612 2979 Athenas
1651 2933 2064 2997 pervenerant,
2097 2924 2278 2982 Pariis
2319 2944 2422 2982 ex-

200 3002 429 3077 ceptis:
465 3016 605 3057 nam
631 2999 808 3066 Parii,
836 3018 989 3075 pone
1012 3009 1313 3057 manentes
1338 3002 1399 3057 in
1428 3002 1686 3075 Cythn0,
1705 3003 1930 3059 exitum
1958 3003 2097 3058 belli
2123 3014 2424 3077 exspecta-

206 3082 400 3138 bant:
446 3080 656 3153 reliqui
682 3097 821 3135 vero
861 3087 931 3135 ut
957 3080 1273 3137 Phalerum
1314 3088 1718 3153 pervenerunt,
1744 3082 1828 3136 ibi
1868 3088 2008 3138 tunc
2036 3082 2260 3139 Xerxes
2301 3083 2426 3157 ipse

204 3160 284 3218 ad
314 3158 561 3215 classem
588 3155 906 3223 descendit,
935 3176 1070 3215 cum
1100 3158 1349 3214 ducibus
1377 3160 1624 3233 cupiens
1652 3176 1952 3217 sermones
1980 3161 2264 3229 conferre,
2295 3179 2424 3221 sen-

207 3238 544 3309 tentiasque
588 3254 794 3293 eorum
844 3238 1161 3311 explorare.
1242 3236 1335 3292 Eo
1378 3239 1564 3312 igitur
1610 3239 1910 3313 profectus
1955 3258 2140 3315 quum
2180 3242 2425 3298 concilio

205 3316 567 3393 praesideret,
596 3315 835 3371 aderant
860 3317 1167 3371 convocati
1194 3317 1550 3389 populorum
1581 3319 1707 3393 regi
1745 3315 2141 3389 subjectorum
2170 3322 2425 3395 tyranni,

206 3403 271 3454 et
298 3395 573 3452 ordinum
596 3394 659 3449 in
684 3394 868 3451 classe
894 3394 1178 3468 praefecti,
1210 3396 1480 3451 sedentes
1520 3404 1696 3471 prout
1721 3398 1932 3471 cuique
1967 3399 2206 3456 illorum
2242 3399 2426 3457 hono-

207 3492 337 3531 rem
367 3492 470 3529 rex
494 3472 809 3530 tribuerat:
843 3475 1069 3546 primus
1086 3474 1347 3547 quidem,
1368 3474 1642 3533 Sidonius
1671 3494 1806 3547 rex3
1839 3485 1974 3550 post
2000 3478 2156 3536 hunc
2174 3478 2421 3553 Tyrius3

207 3564 346 3610 tum
401 3552 630 3626 reliqui.
711 3552 833 3612 Qui
884 3560 955 3608 ut
1006 3553 1213 3608 ordine
1266 3554 1540 3627 deinceps
1591 3556 1992 3623 consederant,
2047 3556 2424 3615 Mardonium

207 3633 439 3689 Xerxes
465 3632 644 3695 misit,
674 3632 777 3703 qui
816 3638 1073 3688 tentaret
1113 3632 1385 3707 singulos
1416 3632 1943 3710 interrogaretque,
1971 3654 2045 3693 an
2087 3637 2424 3693 faciendum

212 3728 344 3769 esse
371 3712 574 3766 navale
600 3711 869 3784 praelium
900 3718 1217 3767 censerent.

289 3787 603 3862 canonos
636 3788 736 3844 ubi
760 3788 1131 3855 Mardoniu3‚
1158 3790 1326 3846 initio
1352 3789 1508 3847 facto
1537 3808 1574 3847 a
1599 3788 1855 3860 Sidonio,
1875 3793 2228 3851 circumiens
2257 3810 2426 3869 roga-

206 3869 319 3937 vit,
348 3861 658 3932 &numni
700 3884 989 3925 consensu
1017 3868 1223 3941 reliqui
1260 3886 1469 3926 omnes
1511 3888 1618 3943 pro
1653 3872 1946 3929 sententia
1969 3873 2188 3938 dixere,
2202 3870 2425 3947 facien-

208 3949 341 4005 dum
378 3948 632 4019 prcelium
670 3948 903 4014 navale,·
940 3964 1060 4003 una
1087 3945 1399 4005 Artemisia
1439 3949 1566 4005 haec
1602 3949 1781 4006 verba
1817 3950 1994 4007 fecit:
2059 3956 2110 4006 1.
2153 3957 2193 3982 “
2220 3951 2335 4007 Dic
2361 3961 2427 4009 tu

208 4034 254 4059 “
285 4027 464 4101 Regi,
491 4025 822 4092 Mardonie,
865 4042 962 4082 me
1004 4027 1131 4081 haec
1176 4026 1385 4083 dicere.
1466 4026 1779 4101 Equidem,
1809 4046 1938 4102 quae
1981 4030 2044 4085 in
2093 4032 2314 4104 pugnis
2354 4033 2427 4087 ad

210 4112 255 4138 “
284 4106 581 4163 Euboeam
609 4103 777 4160 factis
790 4108 910 4161 {nec
937 4104 1323 4179 ignavissima
1361 4106 1470 4173 fui,
1496 4124 1602 4163 nec
1643 4106 1892 4165 minima
1917 4109 2075 4165 facta
2099 4106 2272 4178 edidi,
2303 4112 2426 4167 Do-

212 4192 257 4217 “
286 4184 465 4252 mine,
496 4201 603 4257 par
642 4190 734 4241 est
772 4191 841 4240 ut
870 4199 1067 4242 veram
1110 4203 1305 4243 meam
1346 4188 1702 4245 sententiam
1743 4187 1933 4255 edam,
1963 4188 2268 4268 dicamque
2295 4208 2428 4262 quae

1833 4528 1948 4627 6
