2925 4992
1183 325 1468 385 cLlo.
2333 299 2409 388 3'1

207 503 400 544 meam
423 503 618 562 usque
643 492 882 544 aetatem
915 483 986 540 'in
1027 499 1260 542 summo
1282 485 1520 542 tumulo
1544 484 1801 559 quinque
1828 485 2085 551 termini,
2114 485 2173 543 in
2200 487 2415 561 quibus

205 565 389 621 incisa
431 569 725 640 scriptura
766 562 1060 620 indicabat
1100 564 1239 638 quid
1287 583 1323 620 a
1367 565 1617 640 singulis
1655 565 1992 620 confectum
2022 565 2267 622 fuisset:
2310 567 2415 622 ad-

203 643 558 718 parebatque
601 661 678 700 ex
715 659 1013 708 mensura,
1045 643 1372 716 puellarum
1399 651 1628 718 partem
1652 642 1843 716 operis
1869 641 2058 698 fuisse
2074 644 2411 702 maximam.

206 722 358 779 Nam
383 723 528 779 filiae
565 723 756 798 plebis
785 719 1087 794 Lydorum
1136 722 1585 778 meretricantur
1622 737 1845 787 omnes,
1872 721 2071 777 dotem
2111 723 2225 778 sibi
2248 723 2415 778 colli-

207 807 414 874 gentes
457 801 574 857 hoc
604 807 856 876 quaestu,
885 815 1061 873 quem
1097 798 1323 855 faciunt
1365 799 1555 856 donec
1593 807 1863 872 nupturae
1888 806 2063 856 sunt:
2112 818 2173 856 se
2212 811 2415 860 autem

203 879 339 952 ipsae
371 880 435 934 in
463 878 912 936 matrimonium
937 877 1184 933 elocant.
1237 878 1537 935 Circuitus
1562 877 1931 934 monumenti
1953 893 2059 932 sex
2087 879 2415 936 stadiorum

207 963 288 1013 est
315 964 380 1012 et
409 959 666 1014 duorum
693 956 1061 1032 plethrorum
1085 978 1096 1010 :
1139 955 1412 1022 latitudo,
1437 955 1805 1030 plethrorum
1828 955 2124 1012 tredecim.
2162 955 2415 1016 ,Monu-

207 1043 416 1092 mento
440 1037 762 1112 contiguus
788 1042 877 1090 est
901 1036 1065 1090 lacus
1092 1031 1334 1110 ingens,
1361 1050 1539 1108 quem
1567 1034 1719 1108 Lydi
1744 1032 2004 1090 referunt
2041 1051 2167 1090 esse
2204 1051 2415 1108 peren-

205 1129 336 1170 nem
362 1138 380 1184 3
427 1123 677 1171 vocatur
702 1121 902 1169 autem
929 1112 1208 1188 Gygaeus.
1285 1115 1479 1186 Atque
1504 1113 1630 1168 haec
1656 1113 1895 1187 quidem
1920 1114 2004 1168 ita
2027 1129 2091 1169 se
2116 1113 2357 1170 habent.

277 1194 378 1250 94.
421 1193 690 1268 Legibus
716 1200 916 1248 autem
941 1197 1199 1246 utuntur
1226 1188 1374 1265 Lydi
1401 1190 1695 1246 similibus
1721 1199 1897 1266 atque
1932 1191 2144 1257 Graeci,
2175 1199 2412 1265 praeter-

203 1286 386 1344 quam
421 1271 580 1345 quod
605 1268 758 1326 filias
790 1285 926 1326 suas
956 1269 1096 1324 vitae
1123 1269 1355 1325 tradant
1391 1270 1749 1326 meretriciae.
1826 1269 2011 1324 Primi
2038 1287 2179 1325 vero
2218 1270 2410 1326 homi-

205 1365 378 1416 num,
409 1367 560 1424 quos
591 1349 885 1414 novimuS,
914 1363 1120 1403 aureos
1147 1355 1209 1403 et
1235 1355 1540 1422 argenteos
1573 1349 1943 1419 procuderant
1982 1363 2168 1403 numos
2215 1347 2417 1422 eisque

204 1428 296 1483 usi
339 1435 522 1484 sunt:
583 1427 872 1501 primique
917 1425 1100 1481 etiam
1149 1425 1393 1482 fuerunt
1435 1427 1723 1482 mercium
1770 1424 2083 1482 institores.
2162 1427 2418 1483 Narrant

203 1521 384 1578 porro
430 1505 545 1580 ipsi
583 1505 757 1580 Lydi,
789 1506 935 1560 lusus
973 1504 1152 1560 etiam
1190 1505 1320 1569 hos,
1349 1505 1453 1578 qui
1479 1519 1635 1560 nunc
1672 1512 1733 1559 et
1772 1505 1931 1577 apud
1970 1505 2129 1577 ipsos
2158 1514 2219 1561 et
2258 1505 2413 1579 apud

203 1583 447 1642 Graecos
486 1585 550 1642 in
591 1601 710 1641 usu
749 1589 908 1648 sunt,
945 1581 1210 1656 ipsorum
1251 1583 1436 1639 fuisse
1477 1582 1827 1637 inventum:
1874 1599 1981 1654 per
2019 1583 2177 1639 idem
2216 1591 2416 1640 autem

199 1669 464 1737 tempus,
491 1680 611 1738 quo
631 1663 816 1718 'lusus
852 1660 948 1717 isti
987 1659 1140 1734 apud
1171 1677 1234 1716 se
1274 1661 1394 1717 sint
1433 1661 1687 1726 inventi,
1712 1659 2097 1733 Tyrrheniam
2130 1661 2351 1716 colonis
2378 1679 2416 1716 a

199 1739 390 1815 Lydis
430 1759 559 1798 esse
583 1740 1034 1814 frequentatam.
1114 1737 1233 1794 Eas
1273 1754 1366 1794 res
1399 1739 1556 1793 hunc
1584 1737 1646 1792 in
1690 1738 1934 1794 modum
1964 1738 2239 1794 accidisse
2266 1739 2417 1795 refe-

201 1828 367 1876 runt.
451 1826 496 1852 “
523 1819 840 1894 Regnante
868 1819 1035 1892 Atye,
1050 1815 1246 1873 Manis
1269 1816 1416 1883 filio,
1437 1833 1681 1891 gravem
1708 1833 1958 1872 annonae
1984 1817 2289 1872 caritatem
2316 1833 2421 1890 per

199 1902 245 1928 “
273 1906 473 1955 totam
517 1897 704 1954 fuisse
753 1893 1039 1972 Lydiam:
1098 1904 1159 1951 et
1198 1893 1397 1970 Lydos
1441 1894 1683 1968 quidem
1720 1894 2089 1970 aliquamdiu
2128 1895 2420 1968 patienter

201 1981 243 2007 “
272 1977 560 2034 tolerasse
597 1976 824 2032 malum
852 1999 869 2046 3
916 1973 1123 2030 deinde
1161 1991 1321 2040 vero,
1349 1991 1535 2046 quum
1563 1990 1682 2029 non
1725 1981 1996 2039 cessaret,
2024 1975 2299 2047 quaesisse
2324 1991 2417 2032 re·-

199 2056 243 2086 “
273 2055 564 2122 medium,
595 2062 655 2110 et
682 2053 866 2109 alium
893 2051 1052 2109 aliud
1079 2053 1460 2127 excogitasse.
1538 2051 1633 2106 Eo
1651 2049 1836 2124 igitur
1860 2058 2122 2126 tempore
2148 2053 2419 2110 inventos

199 2137 244 2165 “
273 2151 405 2191 esse
447 2141 506 2189 et
545 2142 896 2190 tesserarum
924 2139 984 2187 et
1021 2127 1286 2186 talorum
1303 2130 1538 2196 ludum,
1564 2137 1623 2186 et
1662 2130 1799 2202 pilae
1837 2137 2296 2203 caeterorumque
2322 2132 2418 2187 lu·

197 2213 245 2243 ‘⁶‘
275 2229 458 2270 suum
473 2212 746 2269 omnium
760 2225 1001 2284 genera,
1019 2209 1276 2282 exceptis
1291 2208 1561 2264 calculis:
1601 2209 1815 2263 horum
1832 2209 1991 2263 enim
2008 2205 2185 2273 iuven
2194 2210 2417 2266 tionem

203 2291 250 2321 “
277 2291 394 2348 sibi
411 2309 534 2348 non
549 2290 850 2346 vindicant
868 2285 1035 2362 Lydi.
1086 2285 1349 2343 Inventis
1369 2293 1572 2342 autem
1588 2287 1715 2342 istis
1732 2285 2004 2342 adversus
2021 2287 2241 2343 famem
2258 2288 2419 2344 hunc

200 2372 250 2407 “
277 2372 345 2428 in
369 2369 620 2427 modum
657 2385 798 2424 usos
826 2384 889 2422 se
905 2383 1030 2421 esse
1047 2371 1299 2421 narrant.
1377 2365 1655 2421 Duorum
1675 2381 2046 2438 quorumque
2074 2361 2301 2420 dierum
2328 2365 2418 2422 al-

199 2453 248 2484 “
276 2459 478 2507 terum
515 2445 783 2504 ludendo·
807 2443 1135 2501 traduxisse
1175 2452 1390 2510 totum,
1422 2443 1750 2499 rrescilicet
1789 2442 1988 2498 cibum
2019 2442 2414 2516 requirerentz

201 2535 246 2562 “
275 2527 465 2585 altero
505 2542 666 2592 vere,
698 2523 1045 2580 intermissis
1081 2521 1333 2588 lusibus»,
1365 2521 1567 2579 cibum
1610 2521 1849 2595 cepisse.
1926 2519 2065 2576 Hoc
2096 2519 2275 2576 modo
2314 2539 2420 2596 per

202 2611 246 2640 “
275 2603 694 2680 duodeviginti
720 2609 912 2659 annos
940 2600 1262 2656 traduxisse
1291 2601 1493 2656 vitam.
1554 2601 1761 2660 Quum
1778 2613 1919 2653 vero
1950 2615 2069 2654 non
2100 2598 2421 2656 remitteret

199 2692 248 2719 “
277 2685 532 2749 malum,
561 2683 663 2738 sed
709 2681 900 2756 magis
941 2687 1116 2754 atque
1155 2678 1348 2753 magis
1388 2681 1859 2753 ingravesceret3
1904 2684 2034 2732 tum
2063 2677 2301 2750 quidem
2328 2695 2421 2734 re·

199 2769 247 2798 “
277 2780 421 2839 gem
449 2760 673 2836 Lydos,
703 2759 978 2814 bifariam
1019 2755 1253 2823 divisos,
1283 2757 1342 2812 in
1382 2764 1601 2812 sortem
1629 2754 1896 2824 misisse3
1940 2771 2196 2828 quorum
2238 2756 2424 2819 altera

202 2849 248 2876 “
277 2859 415 2916 pars
453 2845 748 2902 maneret,
778 2838 960 2892 altera
998 2853 1032 2891 e
1073 2836 1261 2909 patria
1299 2843 1453 2890 terra
1492 2835 1711 2890 exiret:
1756 2840 1817 2888 et
1852 2849 1914 2887 se
1952 2833 2149 2906 ipsum
2166 2835 2419 2907 quidem

199 2927 249 2953 “
282 2920 340 2976 ei
365 2919 520 2994 parti
548 2917 898 2974 adtribuisse
925 2929 1146 2988 regem,
1167 2914 1262 2969 cui
1288 2929 1411 2968 sors
1437 2923 1721 2968 eventura
1737 2917 1888 2966 esset
1906 2912 2202 2976 manendi,
2228 2908 2417 2968 fllium

197 3003 246 3032 “
274 3007 480 3054 autem
509 3011 708 3060 suum,
727 2994 822 3050 cui
856 3009 1070 3048 nomen
1092 2993 1417 3066 Tyrrheno,
1433 2992 1490 3046 ei
1518 2992 1666 3064 parti
1696 3005 1831 3063 quae
1846 2989 2023 3046 domo
2046 2996 2200 3047 esset
2212 2999 2414 3065 egres-

197 3084 244 3114 “
269 3095 433 3133 sura.
517 3074 836 3130 Sortitioue
865 3071 1044 3136 facta,
1077 3070 1428 3144 bos‘qu‘ibus
1456 3083 1579 3124 sors
1607 3068 1927 3123 obvenerat
1949 3067 2143 3139 patrio
2170 3069 2299 3124 solo
2318 3087 2422 3124 ex-

199 3162 247 3189 “
278 3153 551 3220 cedendi,
583 3153 894 3228 Smyrnam
919 3149 1306 3214 descendisse,
1341 3147 1779 3204 et-constructis
1817 3145 2086 3210 navibus,
2118 3145 2417 3219 inpositis-‘-

199 3239 248 3267 “
281 3251 396 3308 que
444 3228 908 3307 supellectilibus
949 3245 1332 3301 quaecumque
1371 3225 1446 3282 ad
1486 3243 1659 3281 usum
1700 3224 2013 3280 commoda
2056 3223 2417 3292 habuissent,

198 3315 248 3345 “
281 3309 578 3386 profectos
618 3325 764 3374 esse,
793 3307 1017 3362 victum
1059 3311 1118 3360 et
1147 3321 1334 3362 novas
1363 3304 1527 3360 sedes
1566 3310 1926 3378 quaerentes3
1974 3303 2159 3358 donec
2200 3304 2419 3360 multos

199 3397 248 3423 “
281 3389 646 3464 praetervecti
675 3385 950 3460 populos,
980 3384 1042 3439 in
1074 3383 1385 3439 Umbriam
1423 3383 1829 3454 pervenissent
1860 3401 1871 3435 :
1918 3380 2001 3436 ibi
2026 3380 2243 3453 oppida
2270 3393 2419 3438 eon-

199 3475 246 3502 “
275 3467 511 3533 didisse,
541 3474 715 3540 atque
745 3464 816 3521 ad
849 3463 1010 3518 hunc
1036 3478 1226 3535 usque
1241 3463 1398 3518 diem
1427 3460 1709 3517 habitare.
1788 3459 2027 3514 Mutato
2050 3475 2194 3514 vero
2218 3457 2417 3534 Lydo-

199 3541 416 3605 “'f·um
461 3547 725 3609 nomine,
759 3541 982 3598 adscita
1019 3539 1501 3598 denominatione
1542 3557 1577 3593 a
1616 3537 1769 3612 regis
1812 3537 1956 3603 filio,
1984 3537 2086 3610 qui
2127 3537 2419 3594 coloniam

197 3631 248 3658 “
279 3625 624 3688 deduxerat,
665 3619 1005 3698 Tyrrhenos
1037 3635 1118 3674 -se
1159 3607 1333 3694 ipsos'
1374 3611 1909 3689 vocasse.'’-—Iaydi
1964 3615 2149 3692 igitur
2198 3616 2297 3683 ita,
2350 3624 2420 3674 ut

197 3701 486 3769 diximuS,
518 3721 554 3758 a
583 3701 769 3758 Persis
797 3700 859 3755 in
884 3697 1228 3754 servitutem
1259 3703 1397 3752 sunt
1424 3695 1660 3752 redacti.

281 3785 378 3840 95.
421 3781 603 3838 Hmc
624 3776 750 3850 jam
769 3777 1034 3850 anquirit
1058 3775 1314 3830 narratio
1336 3781 1555 3840 nostra,
1580 3774 1789 3829 enus
1810 3771 1909 3828 ille
1924 3771 2191 3845 quisnam
2220 3771 2419 3838 fuerit,

199 3861 308 3938 qui
346 3849 791 3917 Croesi'evertit
828 3855 1163 3929 imperium,
1192 3860 1250 3908 et
1289 3853 1513 3908 Pensm
1556 3867 1673 3926 qua
1713 3851 1941 3907 ratione
1979 3849 2233 3923 imperio
2263 3848 2418 3906 Asiae

199 3940 325 3997 sint
362 3937 558 4016 potiti.
637 3933 850 4012 Igitur,
891 3931 1386 4008 quemadmodum
1427 3931 1670 4006 quidam
1708 3934 2043 3985 memorant
2088 3926 2418 3994 Persarum,

200 4017 302 4094 qui
329 4035 451 4076 non
473 4013 758 4078 ,extoliere
783 4030 873 4072 res
901 4011 1063 4087 Cyri,
1093 4010 1192 4066 sed
1222 4015 1398 4086 prout
1423 4011 1542 4065 illae
1568 4025 1631 4064 se
1670 4005 1888 4064 habent
1918 4005 2131 4062 referre
2156 4006 2415 4072 student,

201 4098 288 4154 ita
313 4113 430 4174 ego
471 4094 766 4163 scribam3
814 4105 998 4170 quum
1039 4089 1260 4164 possim
1295 4088 1549 4162 triplices
1590 4087 1769 4142 etiam
1810 4084 2056 4140 alias·de
2078 4085 2237 4159 Cym
2275 4099 2415 4140 nar-

204 4175 370 4234 randi
407 4176 541 4232 vias
595 4171 868 4230 indicare.
947 4164 1268 4242 Postquam
1311 4166 1530 4241 Assyrii
1581 4183 1686 4240 per
1726 4179 1916 4221 annos
1960 4163 2317 4240 quingentos
2358 4170 2418 4218 et
