2925 4992
1037 306 1410 365 URANIA.
2255 312 2372 370 333

166 484 331 525 mum
383 473 765 542 occuparunt,
810 470 871 521 et
915 472 1161 541 proeerat
1206 467 1288 524 eis
1336 468 1420 524 ibi
1460 466 1898 535 Cleombrotus,
1941 468 2374 527 Anaxandridoe

162 547 339 614 filius,
384 546 565 603 frater
606 544 903 603 Leonidae.
984 546 1073 601 Ad
1116 545 1414 603 Isthmum
1460 547 1644 623 igitur
1685 546 2070 615 considentes,
2112 548 2373 625 primum

163 625 527 682 Scironidem
556 625 717 681 viam
742 625 1187 692 obstruxerunt,
1216 625 1429 682 deinde
1456 626 1530 681 de
1557 626 1858 682 communi
1885 627 2130 683 consilio
2157 646 2374 688 murum

154 722 258 777 per
286 704 555 772 Isthmum
585 704 961 760 instituerunt
988 703 1213 760 ducere.
1275 707 1596 779 Quumque
1623 705 1828 761 multae
1849 713 2042 761 essent
2066 707 2372 763 hominum

162 783 470 855 myriades,
520 800 770 857 quorum
824 783 1073 855 quisque
1120 800 1363 839 manum
1416 784 1579 857 operi
1634 784 1917 850 admovit,
1967 785 2378 858 perficiebatur

158 879 326 935 opus.
408 862 565 917 Nam
588 871 647 918 et
676 861 897 935 lapides
938 872 997 916 et
1024 862 1234 919 lateres
1260 870 1319 917 et
1356 859 1521 937 tigna
1545 869 1604 917 et
1644 862 1848 917 corbes
1889 862 2096 919 sabulo
2137 864 2376 938 repletae

162 940 667 1015 congerebantur3
714 948 773 998 e't
795 940 1014 995 sociata
1038 957 1215 1014 opera
1236 958 1385 1015 opus
1412 940 1712 1007 facientes,
1739 940 1908 997 nullo
1939 944 2218 1017 temporis
2245 960 2383 999 mo·

160 1027 390 1086 ment0,
420 1036 525 1075 nec
552 1027 752 1084 noctu,
784 1034 889 1074 nec
918 1019 1196 1085 interdiu,
1224 1020 1545 1075 cessabant.

240 1102 343 1161 72.
383 1098 505 1160 Qui
560 1098 629 1152 ad
685 1096 1075 1153 muniendum
1124 1097 1421 1154 Isthmum
1464 1114 1706 1171 operam
1750 1116 1920 1155 suam
1967 1100 2379 1159 consociorum:

166 1177 385 1243 Graeci,
421 1176 482 1233 hi
528 1175 728 1231 fuere:
770 1174 1207 1231 Lacedaemonii
1250 1183 1308 1231 et
1348 1177 1598 1233 Arcades
1646 1194 1875 1245 omnes,
1899 1187 1957 1234 et
1984 1179 2138 1245 Elei,
2169 1188 2227 1237 et
2255 1181 2374 1241 Co.-

162 1256 391 1321 rinthii,
422 1262 482 1311 et
524 1254 805 1328 Sicyonii,
834 1259 895 1309 et
927 1254 1251 1348 Epidaurii,
1281 1264 1339 1311 et
1382 1256 1642 1321 Phliasii,
1685 1264 1744 1313 et
1777 1257 2089 1325 Troezenii,
2117 1267 2178 1314 et
2219 1258 2376 1315 Her-

162 1335 520 1391 mionenses.
604 1334 686 1390 Hi
728 1342 869 1388 sunt
900 1335 999 1406 qui
1042 1333 1393 1406 periclitanti
1422 1334 1666 1390 Graeciae
1703 1343 2035 1392 metuentes
2076 1354 2377 1393 succurre-

161 1420 345 1469 runt·
390 1412 629 1486 reliquis
658 1411 1099 1485 Peloponnesiis
1141 1413 1289 1467 nulli
1324 1430 1480 1469 curse
1519 1430 1588 1469 ea
1627 1430 1716 1468 res
1747 1414 1882 1471 fuit.
1962 1414 2374 1491 Olympiorum

164 1502 371 1549 autem
400 1502 461 1546 et
488 1492 535 1547 C
540 1508 850 1546 uncorum
872 1488 999 1561 jam
1026 1492 1420 1563 praeteriernnt
1444 1491 1746 1548 solemnia

240 1576 345 1635 73.
388 1570 853 1644 Peloponnesum
882 1576 1105 1643 septem
1139 1572 1382 1625 incolunt
1408 1570 1630 1663 populi:
1713 1570 1946 1627 Horum
1971 1572 2092 1628 duo
2119 1578 2259 1629 sunt
2285 1572 2380 1629 in-

162 1649 407 1726 digeni·
391 1691 409 1719 3
442 1649 707 1704 eamdem
736 1666 915 1715 nunc,
938 1666 1113 1721 quam
1140 1647 1487 1723 antiquituS,
1505 1650 1802 1723 regionem
1830 1644 2180 1717 habitantes,
2202 1652 2380 1707 Arca·

162 1730 291 1794 des,
311 1734 372 1783 et
399 1728 661 1801 Cynurii.
726 1727 894 1782 Unus
919 1726 1193 1801 populus,
1220 1727 1526 1795 Achaicae,
1553 1727 1960 1800 Peloponneso
1986 1729 2224 1801 quidem
2253 1746 2380 1787 non

158 1822 435 1884 egressus
462 1812 573 1873 est,
600 1805 699 1863 sed
728 1822 896 1862 suam
916 1806 1217 1880 regionem
1242 1824 1377 1862 cum
1400 1807 1516 1861 alia
1539 1806 1812 1863 mutavit.
1858 1806 2097 1881 Reliqui
2121 1816 2376 1883 quatuor

162 1888 237 1942 ex'
266 1886 387 1943 illis
423 1894 645 1960 septem
688 1885 943 1958 populis,
970 1885 1211 1940 advenae
1250 1892 1425 1941 sunt.
1413 1907 1425 1919 ·
1472 1884 1808 1952 Dorienses,
1835 1885 2046 1954 AEtoli,
2085 1886 2379 1962 Dryopes,

161 1976 223 2022 et
253 1964 510 2021 Lemnii.
590 1963 667 2019 Et
695 1962 1075 2019 Doriensium
1102 1962 1337 2037 quidem
1377 1964 1583 2019 multas
1623 1972 1764 2019 sunt
1786 1970 1846 2020 et
1877 1964 2130 2024 illustres
2172 1967 2382 2024 civita-

160 2052 291 2100 tes:
340 2042 669 2100 AEtolorum
695 2059 836 2097 vero
860 2042 986 2097 sola
1012 2041 1174 2097 Elis·
1212 2042 1524 2116 Dryopem
1553 2042 1895 2109 Hermione,
1914 2051 1975 2107 et
2001 2045 2176 2101 Asine
2200 2062 2386 2121 prope

166 2122 563 2197 Cardamylen
590 2120 979 2177 Laconicam·
1025 2119 1407 2176 Lemniorum
1438 2138 1600 2188 vero,
1629 2122 1957 2179 Paroreatae
1980 2140 2206 2181 omnes,
2267 2125 2384 2200 cy-

163 2201 351 2271 nurii,
398 2201 691 2276 indigenae
735 2217 919 2273 quum
963 2200 1099 2263 sint,
1143 2200 1253 2257 soli
1291 2200 1571 2255 videntur
1615 2200 1772 2273 [sive,
1804 2201 2100 2257 nonnullis
2145 2202 2385 2277 quidem

165 2279 478 2352 videntur]
513 2280 685 2335 lones
727 2296 890 2348 esse3
938 2278 1036 2333 sed
1078 2279 1137 2332 in
1181 2279 1500 2334 Dorienses
1539 2279 1757 2333 mutati
1782 2287 1944 2345 sunt,
1973 2280 2186 2351 partim
2225 2281 2384 2357 qnod

163 2359 329 2416 sub
312 2359 561 2432 lmperio
591 2358 835 2414 fuerunt
860 2352 1237 2431 Argivorum,
1264 2356 1481 2429 partim
1523 2356 1805 2429 temporis
1848 2374 2198 2431 progressu·
2241 2370 2384 2416 sunt

166 2444 375 2495 autem
405 2439 675 2493 Orneatae
702 2443 760 2491 et
787 2436 998 2491 horum
1042 2432 1296 2490 finitimi.
1376 2434 1637 2490 Istorum
1663 2442 1885 2509 septem
1914 2436 2270 2510 populorum
2295 2454 2386 2495 re-

164 2519 352 2591 liquae
368 2516 656 2582 civitates,
682 2521 889 2588 praeter
906 2530 1003 2569 eas
1029 2529 1173 2587 quas
1196 2512 1527 2581 nominavi,
1545 2520 1886 2569 neutrarum
1902 2523 2066 2572 erant
2084 2516 2382 2589 partium·

168 2599 221 2653 si
250 2602 453 2651 autem
492 2596 675 2651 libere
710 2593 874 2667 loqui
919 2589 1075 2660 licet,
1105 2591 1248 2651 dum
1288 2602 1632 2649 neutrarum
1676 2592 1841 2650 fuere
1885 2594 2162 2668 partium,
2189 2594 2386 2653 Medis

166 2679 275 2733 fav
260 2673 480 2731 ebant.

250 2754 352 2816 ¹74.
395 2752 589 2829 Igitur
627 2753 728 2827 qui
768 2752 841 2809 ad
868 2752 1165 2808 Isthmum
1207 2759 1390 2820 erant,
1417 2769 1490 2807 eo
1529 2770 1644 2827 quo
1685 2752 1807 2809 dixi
1844 2753 2046 2811 labore
2085 2752 2386 2811 conflicta-

167 2834 417 2897 bantur,
445 2832 661 2906 quippe
703 2832 775 2888 de
817 2848 1049 2887 summa
1090 2848 1284 2887 rerum
1316 2826 1445 2901 jam
1485 2831 1903 2906 periclitantes,
1937 2850 2050 2889 nec
2089 2812 2390 2906 sperantes

167 2911 325 2968 mari
366 2910 640 2983 praeclare
682 2910 997 2967 admodum
1038 2918 1273 2985 gestum
1313 2907 1381 2965 iri
1436 2927 1581 2967 rem.
1659 2909 1738 2965 Et
1785 2910 1870 2965 illi
1919 2913 1993 2966 ad
2032 2910 2386 2983 Salaminem,

166 2997 486 3065 postquam
514 2989 653 3064 quid
693 2990 766 3045 ad
795 2989 1089 3045 Isthmum
1130 2994 1405 3063 ageretur
1441 2996 1865 3065 cognoverunt,
1895 2988 2165 3047 similiter
2201 2988 2386 3066 trepi-

168 3068 418 3149 dabant,
450 3086 569 3124 non
602 3075 724 3124 tam
764 3067 877 3123 sibi
917 3074 1267 3132 metuentes,
1295 3082 1477 3139 quam
1502 3068 1921 3142 Peloponneso·
1999 3068 2080 3124 Et
2117 3068 2388 3143 aliquan-

168 3140 361 3222 tisper
386 3146 618 3222 quidem
647 3148 735 3202 vir
759 3147 884 3203 viro
912 3146 1146 3203 adstans
1186 3146 1360 3201 tacite
1386 3146 1544 3203 inter
1572 3164 1633 3203 se
1657 3162 1958 3204 sermones
1985 3147 2390 3213 conferebant,

168 3226 525 3299 imprudens
564 3226 848 3282 mirantes
874 3224 1226 3298 Eurybiadis
1266 3226 1617 3283 consilium:
1664 3224 1734 3281 ad
1779 3223 2109 3285 extremum
2147 3244 2290 3283 vero
2329 3228 2392 3284 in

169 3305 485 3393 publicum
510 3322 599 3360 res
627 3304 855 3379 erupit3
901 3312 962 3359 et
988 3302 1129 3360 coiit
1158 3303 1498 3371 concilium,
1527 3304 1830 3378 multaque
1862 3305 2042 3363 verba
2067 3304 2285 3363 eisdem
2315 3305 2398 3363 de

172 3385 357 3441 rebus
390 3380 798 3455 jactabantur3
844 3381 1169 3438 dicentibus
1210 3382 1360 3450 aliis,
1396 3386 1690 3439 necessario
1714 3386 1788 3440 ad
1816 3382 2244 3457 Peloponnesum
2282 3402 2398 3443 esse

168 3464 570 3536 navigandum,
599 3470 652 3518 et
686 3480 789 3535 pro
828 3462 929 3517 ina
964 3462 1440 3533 propugnandum,
1471 3480 1570 3519 nec
1608 3463 1682 3518 ad
1724 3466 1991 3535 regionem
2027 3465 2098 3519 ab
2123 3464 2275 3521 hoste
2296 3482 2396 3521 ca-

165 3552 334 3617 ptam
386 3543 734 3607 manendum,
784 3548 839 3597 et
881 3556 987 3613 pro
1032 3540 1133 3594 illa
1177 3540 1582 3610 dimicandum3
1651 3540 2101 3599 Atheniensibus
2148 3559 2288 3599 vero
2330 3548 2395 3599 et

172 3620 485 3697 AEginetis
536 3628 595 3677 et
639 3618 1092 3695 Megarensibus
1138 3619 1656 3705 contendentibus,
1705 3637 1766 3675 eo
1819 3622 1920 3677 loci
1969 3622 2293 3678 manendum
2335 3616 2392 3678 el

174 3720 300 3759 cum
330 3700 481 3755 hoste
508 3698 914 3776 confligendum.

255 3784 355 3836 75.
396 3776 485 3836 Ibi
530 3785 671 3835 tunc
697 3776 1143 3839 Themistocles,
1173 3793 1357 3849 quum
1396 3776 1662 3834 vinceret
1699 3779 1996 3835 sententia
2022 3776 2391 3851 Peloponne-

172 3861 424 3924 siorum,
455 3857 793 3915 clanculum
832 3856 1079 3931 concilio
1120 3872 1411 3929 egressus,
1441 3864 1667 3914 certum
1707 3858 2014 3914 hominem
2053 3854 2290 3933 navigio
2325 3852 2392 3915 in

174 3946 372 3995 castra
416 3934 579 3991 misit
621 3936 960 4001 Medorum,
1002 3933 1277 3989 edoctum
1325 3934 1483 4008 quod
1531 3934 1724 3992 dicere
1765 3942 2074 4008 oporteret.
2153 3935 2394 3995 Nomen

175 4019 345 4075 homi
352 4016 409 4071 ni
453 4016 733 4071 Sicinnus
774 4013 927 4070 fuit.
972 4019 1095 4069 erat
1138 4018 1337 4069 autem
1385 4030 1586 4069 servus
1629 4024 1704 4071 et
1727 4014 1984 4083 filiorum
2032 4012 2398 4091 paedagogus

170 4094 635 4164 Themistoclis3
670 4105 847 4167 quem
872 4098 1009 4166 post
1034 4091 1141 4148 has
1170 4108 1258 4148 res
1286 4100 1484 4167 gestas
1509 4091 1955 4158 Themistocles,
1981 4110 2102 4167 qno
2125 4098 2398 4169 tempore

171 4176 567 4249 Thespienses
606 4188 787 4229 novos
829 4177 1183 4245 cooptarunt
1222 4170 1401 4238 cives,
1433 4169 1860 4248 Thespiensem
1899 4168 2063 4241 fecit,
2090 4177 2150 4231 et
2161 4170 2396 4233 nivini:
