2925 4992
552 309 636 368 22
1133 301 1635 364 HERODOTI
1702 297 2064 364 Hl-STOR.
2122 299 2174 362 Ι.

601 469 722 529 70.
741 465 946 528 Quum
959 461 1314 537 hanclgitur
1325 461 1404 518 ob
1419 479 1711 528 caussam,
1726 467 1858 520 tmn
1876 459 2066 534 quod·
2050 475 2209 533 ipsos
2224 459 2461 534 reliquis
2474 461 2786 520 omnibus·

545 543 861 618 praeferens
911 541 1133 598 Graecis
1177 540 1479 614 selegisset
1511 541 1754 607 amicoS,
1780 540 2125 597 societatem
2166 538 2536 598 admiserunt
2559 539 2759 598 Laee-

545 621 840 678 daemonii.
925 623 1008 678 Ac
1035 637 1154 675 non
1181 619 1358 676 modo
1391 619 1590 692 parati
1632 627 1801 676 erant
1848 617 2225 680 denuncianti
2249 618 2486 674 mittere
2508 617 2758 688 auxilia,

541 717 752 772 verum
778 701 958 756 etiam
981 699 1262 755 craterem
1304 715 1531 753 aeneum
1572 697 1979 754 fabricandum
2019 706 2319 768 curarunt,
2354 696 2561 754 multis
2601 697 2759 756 ima-

545 773 828 854 gun'culis
853 779 1008 834 circa
1029 775 1282 834 exterius
1307 771 1535 832 labium
1562 783 1863 842 ornatum,
1886 793 1957 830 ea
1982 774 2395 850 magnitudine
2420 783 2491 830 ut
2516 783 2757 834 trecen-

541 865 634 913 tas
661 864 892 931 caperet
917 855 1252 928 amphoras,
1290 871 1470 928 quem
1510 853 1583 910 ad
1627 855 1894 910 Croesum
1918 853 2224 920 miserunt,
2252 853 2407 909 dono
2434 853 2549 910 hoc
2575 841 2757 913 illum

541 934 989 992 remuneraturi.
1099 932 1216 990 Hic
1261 951 1402 990 vero
1451 941 1639 990 crater
1688 931 1892 988 Sardes
1932 948 2053 987 non
2111 933 2399 1004 pervenit,
2454 929 2625 1004 cnjus
2652 937 2758 992 rei

517 1029 748 1070 caussa
798 1010 1110 1087 dupliciter
1159 1018 1440 1068 narratur.
1550 1010 1980 1084 Lacedaemonii
2026 1010 2263 1084 quidem
2312 1012 2505 1078 aiunt,
2559 1027 2755 1092 quum

545 1093 754 1150 Sardes
781 1093 1087 1148 veheretur
1111 1098 1298 1145 crater
1321 1097 1384 1145 et
1407 1106 1589 1163 prope
1626 1075 1871 1146 Samum
1912 1097 2089 1154 esset,
2118 1089 2366 1162 Samios,
2394 1107 2459 1146 re
2483 1081 2752 1166 cognita,

543 1171 792 1230 navibus
815 1170 1012 1244 longis
1040 1168 1336 1235 advectOS,
1363 1185 1505 1224 eum
1540 1168 1929 1242 intercepisse.
2008 1165 2133 1240 Ipsi
2171 1184 2309 1224 vero
2348 1164 2530 1224 Samii
2552 1170 2750 1238 aiunt,

537 1245 1012 1306 Lacedaemonios
1037 1252 1322 1304 craterem
1349 1245 1719 1312 advehentes,
1739 1263 1923 1320 quum
1949 1262 2078 1308 sero
2104 1246 2431 1317 venissent,
2452 1254 2514 1302 et
2537 1247 2755 1306 Sardes

539 1336 908 1403 expugnatas
935 1342 1248 1401 regemque
1275 1332 1514 1398 captum
1552 1342 1677 1382 esse
1703 1321 2147 1398 comperissent,
2168 1331 2451 1382 craterem
2476 1327 2539 1382 in
2566 1325 2758 1384 Samo

541 1407 734 1464 insula
755 1405 1108 1472 vendidisse,
1131 1405 1509 1478 privatosque
1534 1405 1805 1460 homines
1842 1420 1953 1460 suo
1976 1419 2091 1476 gere
2117 1410 2345 1460 emtum
2384 1404 2447 1458 in
2488 1403 2775 1463 Junonis..

533 1485 761 1558 templo
811 1499 1214 1542 consecrasse
1201 1505 1213 1516 ·
1285 1483 1533 1538 fortasse
1582 1491 1781 1558 autem
1834 1482 1967 1548 hos,
2016 1481 2117 1554 qui
2158 1498 2295 1537 eum
2339 1483 2749 1552 vendiderant,

537 1563 813 1638 Spartam
841 1579 1121 1628 reversos,
1147 1562 1364 1620 dixisse
1390 1560 1573 1618 fuisse
1612 1561 1785 1618 illum
1808 1579 1845 1616 a
1868 1559 2079 1616 Samiis
2106 1558 2167 1616 vi
2192 1559 2515 1628 ablatum.
2557 1561 2643 1620 Ac
2670 1563 2753 1620 de

533 1649 760 1700 cratere
787 1641 1026 1717 quidem
1051 1641 1137 1696 ita
1163 1657 1253 1698 res
1281 1658 1343 1698 se
1363 1640 1560 1697 habet.

599 1725 655 1783 ι’*
663 1726 714 1776 1
753 1722 1022 1778 Cnoesus
1051 1736 1215 1786 vero,
1241 1736 1428 1794 quum
1453 1719 1531 1776 ab
1564 1717 1783 1775 oraculi
1811 1719 2106 1776 sententia
2140 1719 2483 1786 aberrasset,
2512 1685 2773 1796 Cappa--

533 1799 768 1856 dociam
792 1799 948 1855 bello
995 1797 1228 1864 invasit,
1256 1797 1481 1870 Cyrum
1520 1805 1581 1853 et
1623 1796 1928 1854 Persarum
1962 1794 2287 1872 potentiam
2312 1815 2655 1856 eversurum
2680 1818 2773 1858 se-

533 1894 789 1952 sperans.
867 1876 1034 1932 Dum
1073 1893 1213 1931 vero
1252 1875 1478 1931 bellum
1519 1875 1795 1931 adversus
1818 1876 2023 1933 Persas
2062 1875 2304 1936 Croesus
2328 1877 2591 1950 parabat,
2618 1877 2751 1955 Ly-

455 1958 459 1962 “
535 1955 746 2014 dorum
771 1954 1007 2029 aliquiS,
1027 1954 1126 2027 qui
1153 1960 1214 2010 et
1229 1949 1352 2024 jam
1377 1959 1512 2008 ante
1534 1953 1767 2010 habitus
1788 1964 1913 2011 erat
1939 1954 2192 2027 sapiens,
2218 1962 2280 2010 et
2302 1955 2379 2010 ab
2402 1955 2533 2020 hac,
2558 1974 2773 2030 quam.

527 2034 855 2104 tnncdixit‚
879 2033 1172 2093 sententia
1189 2033 1283 2088 vel
1303 2031 1560 2088 maxime
1580 2035 1761 2101 etiam
1778 2049 2001 2090 nomen
2018 2040 2107 2088 est
2130 2034 2395 2106 adeptus,
2426 2033 2747 2106 (Sandanis

531 2112 756 2182 homini
785 2129 1010 2170 nomen.
1031 2111 1204 2184 erat,)
1238 2111 1328 2166 his
1372 2111 1568 2166 verbis
1596 2111 1863 2167 Croesum
1913 2111 2317 2168 admonuit:‘
2324 2111 2423 2166 ‘O
2451 2117 2613 2181 rex‚”
2644 2115 2744 2171 in—

532 2191 700 2266 quit,
723 2196 780 2223 -“
804 2191 952 2248 tales
981 2189 1258 2246 adversus
1285 2189 1651 2244 homines·tu
1675 2189 1897 2248 bellum
1922 2207 2111 2264 paras,
2132 2190 2232 2265 qui
2263 2187 2525 2250 coriacea
2548 2193 2745 2249 subli-

533 2275 577 2302 “
601 2269 814 2344 gacula
834 2276 898 2326 et
924 2267 996 2324 ex
1021 2268 1182 2325 corio
1229 2267 1513 2341 reliquam
1554 2276 1779 2324 vestem
1810 2277 2095 2343 gestant:
2139 2268 2239 2343 qui
2276 2269 2591 2327 comedunt
2617 2280 2749 2329 'non

534 2349 580 2380 “
601 2355 894 2422 quantum
919 2348 1146 2414 volunt,
1174 2346 1274 2403 sed
1317 2353 1613 2420 quantum
1642 2346 1884 2413 habent,
1932 2363 2137 2421 aspero
2160 2346 2289 2403 solo
2315 2355 2585 2418 utentes.
2573 2371 2586 2383 ·
2630 2349 2744 2407 ad-

527 2429 578 2460 '“
606 2427 734 2484 haec
761 2444 880 2484 non
907 2425 1048 2482 vino
1073 2433 1348 2492 utuntur,
1371 2424 1472 2480 sed
1502 2441 1713 2499 aquam
1738 2424 1989 2482 bibunt·
2032 2442 2157 2481 non
2180 2425 2320 2481 ficos
2346 2411 2568 2484 habent
2590 2445 2747 2502 quas

532 2505 941 2573 “,comedant
991 2521 1100 2560 nec
1153 2502 1313 2574 aliud
1365 2502 1593 2559 bonum
1636 2503 1848 2560 ullum.
1932 2504 2061 2560 Hos
2108 2503 2293 2578 igitur
2340 2505 2469 2562 sive
2507 2507 2745 2576 viceriS,

531 2585 750 2659 “quid
791 2584 878 2640 eis
923 2581 1170 2649 auferes,
1200 2577 1351 2638 nihil
1391 2581 1789 2639 habentibus?
1832 2580 1924 2637 sin
1968 2581 2161 2638 victus
2187 2583 2389 2652 fueris,
2416 2583 2551 2640 vide
2594 2595 2748 2659 quot

527 2666 941 2737 “quantaque
968 2661 1125 2716 bona
1158 2661 1236 2716 sis
1265 2661 1603 2718 amissurus.
1684 2659 1904 2717 Nostra
1926 2660 2085 2716 enim
2117 2659 2270 2718 bona
2295 2668 2609 2736 postquam
2637 2665 2744 2722 de-

530 2740 997 2816 “gustaverint,
1021 2740 1227 2797 nolent
1267 2755 1338 2796 ea
1381 2756 1415 2796 e
1447 2739 1725 2796 manibus
1750 2735 2064 2806 dimittere,
2096 2757 2285 2814 neque
2328 2760 2390 2798 se
2434 2741 2594 2816 abigi
2626 2761 2742 2817 pa-

532 2822 581 2850 “
609 2820 848 2890 tientur.
930 2816 1222 2891 Equidem
1263 2835 1420 2874 nunc
1460 2817 1572 2874 diis
1611 2818 1799 2875 habeo
1838 2818 2079 2894 gratias,
2108 2818 2263 2892 quod
2302 2819 2497 2876 Persis
2521 2837 2645 2878 non
2672 2820 2742 2880 in

531 2899 874 2956 “animum
927 2897 1211 2954 inducunt
1263 2895 1422 2952 bello
1472 2896 1762 2954 invadere
1798 2895 2053 2973 Lydosss'
2158 2896 2309 2954 Haec
2358 2898 2459 2954 ille
2506 2899 2740 2970 dicens,

528 2957 731 3040 Croeso
756 2993 877 3046 non
907 2975 1234 3050 persuasit:
1284 2975 1583 3049 [quamvis
1618 2994 1756 3032 vere
1782 2974 1972 3032 dicta·
1960 2975 2011 3047 ε]
2057 2975 2275 3032 etenim
2301 2975 2514 3046 PersiS,
2542 2980 2743 3052 prius-

527 3072 708 3129 quam
733 3039 932 3130 Lydos
957 3053 1354 3130 subegissent,
1384 3053 1533 3122 nihil
1558 3055 1815 3122 delicati,
1844 3053 1996 3110 nihil
2027 3053 2168 3110 boni
2193 3054 2490 3113 fuerat..
2638 3077 2641 3085 ·

601 3135 701 3198 72.
741 3133 1116 3226 Cappadoces
1143 3132 1226 3187 illi
1251 3149 1287 3187 a
1311 3117 1533 3189 Graecis
1576 3133 1728 3206 syrii
1764 3132 2165 3189 nominantur.
2248 3132 2503 3192 Fuerant
2532 3146 2753 3210 autem·-

521 3208 584 3268 hi
610 3210 780 3286 Syrii,
807 3213 1152 3300 pruisquam
1189 3210 1380 3268 Persae
1427 3211 1827 3268 obtinuissent
1868 3211 2203 3284 imperium,
2243 3209 2561 3302 Medorum
2597 3227 2741 3290 pot-

407 3312 413 3317 ·
521 3291 694 3354 estati
719 3285 1006 3360 subjecti·
1049 3303 1191 3344 tunc
1217 3305 1356 3344 vero
1386 3288 1541 3362 Cyro
1566 3290 1866 3363 parebant.
1946 3288 2149 3346 Limes
2175 3289 2335 3346 enim
2373 3291 2638 3352 Medici
2621 3316 2753 3354 1m--

521 3369 670 3443 perii
697 3375 758 3424 et
781 3363 991 3442 Lydici
1031 3353 1248 3423 fluvius
1299 3366 1489 3440 Halys
1532 3376 1695 3439 erat3
1744 3369 1849 3442 qui
1886 3383 1959 3424 ex
1998 3367 2277 3425 Armenio
2316 3378 2518 3428 monte
2569 3383 2753 3434 ortus·

523 3465 630 3522 per
655 3445 926 3506 Ciliciam
950 3445 1102 3512 fluit,
1133 3443 1345 3502 deinde
1371 3463 1406 3503 a
1429 3447 1635 3504 dextra
1670 3445 1967 3504 Matienos
1992 3446 2194 3512 habet,
2225 3463 2261 3502 a
2287 3448 2519 3506 sinistra
2542 3450 2755 3530 Phry--

517 3541 666 3602 gas·
650 3567 667 3596 ,
711 3542 860 3598 quos
893 3525 1303 3598 praeterlapsus
1343 3541 1546 3580 versus
1595 3525 1832 3582 boream
1878 3542 2111 3582 sursum
2160 3525 2375 3591 fluens,
2422 3529 2498 3586 ab
2546 3532 2741 3592 altera

520 3612 697 3676 parte
716 3604 912 3692 Syrios
941 3602 1341 3676 Cappadocas,
1370 3621 1406 3658 a
1451 3603 1603 3658 laeva
1628 3621 1769 3660 vero
1796 3603 2216 3678 Paphlagonas
2252 3600 2559 3682 disjungit.
2639 3611 2752 3670 Ita,

518 3682 710 3759 Halys
751 3678 968 3738 fluvius
995 3699 1230 3738 omnem
1274 3681 1398 3737 fere
1439 3681 1777 3741 inferiorem
1814 3682 2186 3738 disterminat
2222 3682 2447 3752 Asiam,
2483 3704 2520 3742 a
2554 3693 2746 3762 mari,

517 3762 678 3834 quod
717 3760 910 3854 Cypro
953 3760 1288 3833 oppositum
1328 3767 1438 3826 est,
1484 3759 1558 3816 ad
1584 3759 1847 3817 Pontum
1884 3776 2071 3832 usque
2112 3759 2458 3820 Euxinum·
2441 3788 2460 3835 3
2524 3775 2741 3842 estque

517 3839 647 3896 haec
675 3840 873 3906 cervix
897 3839 1074 3895 totius
1099 3835 1276 3908 hujus
1319 3839 1612 3912 regionis:
1658 3837 2092 3914 longitudinem
2118 3839 2277 3914 quod
2298 3841 2529 3962 adtinet
2553 3845 2735 3906 itine-

432 3972 439 3977 .
520 3919 622 3986 κίε,
638 3918 922 3992 expedito
948 3918 1076 3973 viro
1103 3918 1368 3991 quinque
1394 3916 1519 3972 dies
1544 3917 1943 3974 insumuntur

597 4001 696 4058 78.
735 3995 970 4052 Bellum
1023 4002 1224 4066 autem
1272 3995 1507 4066 Croesus
1536 3994 1937 4071 Cappadociae
1968 3996 2171 4054 intulit
2216 3995 2308 4054 his
2334 3997 2422 4056 de
2464 3966 2731 4064 caussis:

521 4075 737 4148 partim
763 4075 999 4148 quidem
1039 4059 1346 4146 potiundae
1371 4074 1643 4164 regionis
1684 4074 1843 4130 illius
1874 4073 2183 4142 desiderio,
2212 4093 2390 4150 quam
2426 4095 2553 4136 suae
2578 4079 2733 4157 adji-

522 4168 662 4210 cere
671 4153 880 4210 ditioni
905 4153 1222 4227 cupiebam
1260 4152 1517 4210 maxime
1538 4170 1703 4224 vero,
1724 4151 1881 4232 quod
1898 4153 2137 4232 oraculo
2156 4155 2411 4214 confisus
2432 4155 2729 4228 ultionem
