2925 4992
960 302 1419 371 BUTERPE.
1720 358 1732 369 .
2215 316 2340 373 ,103

225 469 346 526 117.
384 465 479 526 Ex
504 465 667 527 hisee
688 472 893 525 autem
918 466 1209 535 versibus,
1238 474 1299 525 et
1316 477 1395 525 ex
1416 468 1532 525 ist‘o
1554 467 1814 527 maxime
1839 467 1998 537 loco,
2029 470 2236 545 [quem
2261 490 2338 531 ex

159 542 321 603 Iliade
358 546 653 621 adposui,]
684 546 911 603 clarum
950 552 1065 612 est,
1094 564 1215 603 non
1254 564 1381 603 esse
1408 548 1742 606 Homerum
1773 548 2098 621 Cypriorum
2131 556 2336 623 cami·

161 644 271 681 num
291 632 607 693 auctorem,
630 624 733 683 sed
762 625 947 683 alium
972 624 1325 698 quempiam.
1402 622 1562 681 Nam
1593 628 1652 681 in
1685 626 1916 700 Cypriis
1953 638 2336 698 memoratur,

162 704 317 759 tertio
344 703 435 759 die
452 702 659 778 Spart-a
678 704 861 765 ilium
886 722 1021 761 cum
1040 703 1271 761 Helena
1290 704 1628 778 pervenisse
1641 705 2058 773 Alexandrum,
2075 710 2340 765 secundo

162 790 313 837 vento
347 800 545 851 usum,
572 792 633 839 et
672 784 823 839 mari
860 781 1214 855 tranquilloz
1256 783 1317 839 in
1358 781 1544 839 Iliade
1581 800 1722 840 vero
1767 784 1852 839 ait
1893 792 2087 856 poeta,
2117 802 2340 845 errasse

164 860 305 917 illmn
334 878 519 935 quum
550 862 849 920 Helenam
888 862 1131 919 domum
1168 862 1426 919 duceret.
1506 862 1616 919 Sed
1657 861 1852 919 valeat
1879 862 2200 931 Homerus,
2227 882 2339 921 va·

162 934 401 1012 leantque
429 940 649 1015 Cypria
672 941 957 997 carmina..

232 1022 347 1073 118.
384 1018 787 1094 lutei-roganti
810 1037 951 1076 vero
973 1018 1149 1085 mihi,
1166 1026 1367 1075 utrum
1392 1034 1616 1077 vanum
1641 1017 1964 1093 fictumque
1989 1020 2086 1086 sit,
2107 1037 2214 1077 nec
2237 1038 2338 1090 ne,

166 1096 299 1169 quod
335 1097 527 1155 Graeci
578 1100 647 1153 de
686 1098 825 1153 bello
870 1100 945 1153 ad
988 1098 1159 1153 Ilium
1200 1104 1351 1169 gesto
1394 1096 1660 1165 narrant,
1711 1098 2144 1171 responderunt
2189 1102 2340 1157 mihi

165 1172 351 1242 haecee,
376 1192 509 1249 quae
534 1192 609 1231 ex
636 1176 819 1249 ipsius
842 1176 1099 1236 Menelai
1134 1176 1465 1233 narratione
1493 1174 1610 1231 sibi
1635 1177 1876 1251 cognita
1912 1194 2040 1233 esse
2063 1176 2336 1235 adfirma-

166 1260 299 1309 runt.
374 1256 630 1320 Scilicet,
654 1255 883 1311 venisse
924 1263 1059 1329 post
1102 1253 1349 1311 Helenae
1390 1261 1626 1327 raptum
1671 1256 1996 1311 exercitum
2038 1255 2340 1329 ingentem

167 1328 471 1389 Graecorum
488 1334 553 1389 in
586 1341 803 1389 terram
828 1329 1174 1405 Trojanam,
1202 1331 1482 1389 Menelao
1507 1349 1682 1405 opem
1709 1334 1986 1391 laturum.
2055 1335 2148 1391 Ab
2173 1352 2340 1391 exer-

166 1410 267 1464 citu
307 1413 437 1477 isto,
470 1412 857 1469 exscensione
898 1412 1079 1477 facta,
1120 1406 1439 1484 positisque
1481 1410 1706 1478 castris,
1742 1414 1954 1467 missos
1993 1430 2120 1469 esse
2159 1412 2340 1471 ilium
2367 1408 2374 1415 ’

166 1485 385 1563 legatos,
414 1497 474 1547 et
499 1490 565 1545 in
598 1490 691 1545 his
718 1491 909 1563 ipsum
939 1487 1323 1547 Menelaum=
1364 1489 1470 1562 qui
1496 1498 1808 1563 postquam
1837 1508 2036 1547 muros
2063 1491 2338 1565 ingressi,

165 1569 493 1639 repetiissent
506 1568 836 1635 Helenam,
858 1577 919 1627 et
932 1586 1073 1642 opes
1088 1568 1165 1625 ab
1180 1567 1516 1625 Alexandro
1545 1568 1870 1641 subreptaS,
1893 1575 1954 1624 et
1983 1570 2338 1627 satisfactio·-

169 1660 281 1701 nem
309 1644 653 1719 iniuriarum
688 1648 1081 1721 postulassent
1103 1672 1119 1716 3
1166 1645 1536 1720 respondisse
1561 1653 1704 1701 tunc
1729 1646 1988 1705 Teucros
2013 1648 2074 1705 id
2100 1649 2256 1721 quod
2279 1657 2341 1706 et

169 1722 340 1781 deinde
364 1734 701 1783 constanter
726 1726 1167 1783 adfirmaverim
1186 1720 1377 1794 jurati
1402 1729 1465 1779 et
1497 1741 1618 1780 non
1650 1720 1857 1794 jurati,
1887 1741 2014 1788 non
2037 1726 2252 1783 habere
2277 1744 2342 1784 se

168 1800 449 1872 Helenam,
482 1823 595 1863 nec
622 1822 765 1877 opes
790 1823 923 1880 quae
950 1813 1369 1879 repeterentur,
1406 1801 1508 1859 sed
1535 1820 1662 1859 esse
1693 1804 1808 1859 ista
1831 1804 2038 1865 omnia
2061 1804 2124 1861 in
2153 1803 2338 1881 AEgy-
2373 1863 2380 1869 ,

169 1887 287 1953 pt03
338 1902 525 1959 neque
574 1900 815 1958 aequum
854 1900 1001 1949 esse,
1044 1902 1105 1939 se
1146 1900 1351 1939 earum
1400 1898 1598 1937 rerum
1637 1898 1844 1938 caussa
1879 1882 2343 1943 satisfactionem

172 1958 301 2025 dare,
326 1980 454 2037 quae
489 1970 691 2021 essent
722 1959 785 2017 in
827 1958 1027 2018 Protei
1047 1960 1341 2027 manibus,
1372 1961 1528 2035 regis
1553 1960 1838 2035 AEgyptii.
1917 1961 1996 2020 At
2019 1961 2236 2030 Graeci,
2265 1964 2344 2021 ab

171 2035 243 2094 his
268 2056 323 2095 se
348 2042 518 2098 rideri
562 2040 987 2107 existimantes,
1020 2058 1091 2095 ea
1115 2056 1323 2097 caussa
1344 2038 1638 2097 obsedisse
1677 2039 1910 2108 urbem,
1939 2039 2132 2098 donec
2155 2042 2342 2115 cepis-

172 2125 295 2175 sent.
367 2120 561 2194 Capta
586 2121 751 2186 urbe,
778 2137 965 2194 quum
1004 2134 1293 2192 nusquam
1320 2117 1553 2175 Helena
1583 2118 1952 2193 reperiretur,
1977 2125 2036 2175 et
2061 2129 2341 2179 constan-

171 2202 243 2250 ter
270 2198 541 2255 eumdem
582 2215 939 2263 sermonem,
980 2214 1157 2271 quem
1198 2206 1391 2261 antea,
1426 2196 1693 2251 audirent
1730 2196 1962 2267 Graeci3
2009 2198 2092 2254 sic
2131 2200 2344 2259 deinde

171 2270 321 2333 fidem
344 2278 521 2352 priori
550 2277 813 2335 sermoni
834 2276 1201 2343 adhibentes,
1226 2274 1578 2334 Menelaum
1603 2274 1799 2347 ipsum
1823 2273 1900 2331 ad
1925 2275 2206 2335 Proteum
2229 2279 2344 2335 mi-

172 2366 355 2413 serunt.
874 2396 881 2403 .
2331 2382 2343 2393 .

238 2438 355 2493 119.
391 2438 707 2497 Menelaus
736 2437 837 2495 ubi
878 2437 939 2494 in
966 2436 1299 2511 AEgyptum
1341 2436 1634 2509 pervenit,
1661 2434 1904 2493 adverso
1939 2431 2122 2493 fluvio
2145 2436 2346 2497 Mem-

172 2510 293 2583 phin
314 2518 644 2593 navigavit,
672 2516 873 2589 ibique
896 2517 1163 2589 exposita
1187 2516 1270 2573 rei
1296 2517 1564 2585 veritate,
1591 2514 1920 2590 insignibus
1947 2514 2113 2572 donis
2141 2516 2342 2593 hospi·

172 2591 354 2649 talibus
378 2604 662 2670 exceptus
692 2603 805 2663 est,
833 2602 893 2651 et
919 2594 1238 2651 Helenams
1254 2591 1504 2651 illaesam
1545 2596 1784 2667 recepit,
1811 2594 2168 2669 insuperque
2203 2612 2346 2671 opes

175 2684 287 2725 suas
316 2690 539 2731 omnes.
620 2673 1041 2730 Verumtamen
1067 2671 1399 2740 Menelaus,
1428 2689 1786 2747 quamquam
1826 2672 1954 2729 haec
1977 2673 2346 2733 omniacon-

174 2757 397 2819 secutus,
422 2754 629 2827 inique
664 2769 803 2809 cum
842 2749 1133 2827 AEgyptiis
1172 2750 1313 2825 egit.
1391 2752 1550 2809 Nam
1589 2768 1776 2826 quum
1818 2750 2108 2823 proficisci
2145 2754 2344 2821 vellet,

173 2842 259 2882 nee
281 2846 374 2902 per
396 2840 607 2889 ventos
638 2841 853 2905 posset,
879 2830 1151 2905 longiore
1174 2829 1518 2903 interposita
1540 2846 1736 2896 mora,
1761 2828 1835 2891 ad
1861 2837 2192 2889 extremum
2213 2848 2346 2889 -rem

176 2904 449 2979 adgressus
475 2918 571 2967 est
595 2910 841 2983 impiam
868 2917 930 2966 et
954 2908 1245 2967 nefariam
1264 2923 1285 2963 ε
1326 2908 1476 2965 duos
1502 2908 1778 2983 puerulos
1803 2908 2014 2965 sumsit
2038 2908 2347 2967 hominum

174 2981 585 3060 indigenarum,
608 3004 822 3061 eosque
845 2987 1149 3061 placandis
1169 2988 1363 3043 ventis
1382 2987 1733 3043 immolavit.
1777 2985 2008 3043 Deinde
2033 2994 2348 3063 postquam

177 3064 486 3139 evulgatum
516 3076 611 3125 est
649 3067 897 3132 facinus,
924 3066 1144 3122 invisus
1170 3065 1496 3139 AEgyptiis‚
1521 3072 1580 3121 et
1607 3066 1682 3121 ab
1721 3064 1805 3119 eis
1835 3064 2184 3138 exagitatus,
2213 3084 2348 3140 pro-

175 3137 305 3215 fugit
328 3163 459 3203 cum
484 3148 613 3205 suis
644 3145 913 3209 navibus,
939 3143 1451 3218 LibyamJectum
1477 3144 1590 3201 iter
1625 3141 1956 3205 intendens.
2036 3141 2184 3200 Inde
2207 3162 2348 3201 vero

175 3232 403 3290 quonam
439 3226 795 3300 pervenerit,
837 3240 953 3279 non
1001 3223 1252 3295 amplius
1294 3222 1488 3289 dicere
1531 3228 1846 3295 potuerunt
1887 3218 2186 3295 AEgyptii:
2237 3223 2351 3281 ista

179 3311 317 3366 vero,
348 3320 479 3376 quae
520 3304 663 3369 dixi,
704 3302 921 3377 partim
961 3300 1307 3359 sciscitando
1344 3319 1407 3359 se
1445 3300 1796 3379 cognovisse
1833 3298 2092 3377 aiebant,
2130 3302 2351 3377 partim

178 3378 309 3449 apud
331 3398 390 3437 se
416 3390 589 3457 gesta
612 3382 887 3438 adcurate
910 3380 1149 3454 cognita
1174 3379 1407 3437 habere.

243 3460 361 3515 120.
400 3460 551 3519 Haec
576 3460 725 3517 mihi
748 3458 1165 3534 .AEgyptiorum
1188 3457 1463 3517 dixerunt
1484 3458 1847 3515 sacerdotesz
1869 3458 2216 3520 ‚narrationi
2241 3476 2348 3519 au-

177 3536 300 3602 tem,
325 3556 501 3613 quam
531 3541 598 3595 de
622 3539 837 3595 Helena
863 3538 1150 3603 fecerunt,
1178 3554 1293 3611 ego
1312 3538 1494 3595 etiam
1517 3538 1642 3610 ipse
1667 3536 1981 3604 adsentior,
2005 3537 2198 3595 haecce
2222 3555 2349 3593 me·

178 3626 293 3671 cum
336 3627 643 3692 reputans:
685 3618 735 3673 si
781 3617 843 3673 in
888 3616 1003 3672 llio
1045 3615 1255 3671 fuisset
1300 3608 1554 3682 Helena,
1591 3614 1916 3672 reddituros
1939 3632 2088 3679 ,eam
2127 3614 2352 3693 Graecis

178 3687 335 3750 fuisse
358 3692 666 3768 Troianos,
691 3696 812 3753 sive
837 3694 1075 3763 volente
1096 3694 1451 3759 AlexandrO,
1479 3693 1884 3767 sivenolente.
1965 3693 2346 3766 Namprofe-

177 3775 259 3825 cto
282 3790 397 3831 non
424 3776 509 3832 ita
533 3783 735 3831 mente
756 3782 967 3849 captus
992 3780 1117 3827 erat
1142 3772 1436 3838 Priamus,
1468 3772 1658 3846 neque
1683 3769 2064 3835 caeteriillius
2107 3771 2348 3844 propin·-

179 3848 282 3921 qui,
307 3860 373 3909 ut
395 3854 515 3911 suis
548 3854 807 3927 ipsorum
835 3851 1125 3926 capitibus
1150 3858 1213 3907 et
1248 3850 1449 3907 liberis
1475 3858 1536 3907 et
1560 3850 1830 3917 universa
1855 3850 2002 3908 urbe
2023 3848 2351 3907 voluissent

175 3928 479 3999 periclitari,
506 3949 629 4006 quo
653 3931 980 3989 Alexander
1006 3929 1301 3985 Helenam
1330 3928 1570 3985 haberet
1597 3945 1857 3993 uxorem.
1897 3927 2074 3989 Quod
2097 3927 2147 3990 si
2169 3925 2351 3987 etiam

177 4000 321 4063 initio
368 4009 449 4067 ita
488 4028 687 4067 secum
730 4010 1089 4073 statuissent,
1130 4014 1329 4065 tamen
1368 4007 1596 4078 deinde,
1638 4016 1950 4081 postquam
1995 4010 2062 4068 et,
2097 4004 2350 4073 aliorum

175 4078 541 4153 Trojanorum
568 4089 923 4163 complures,
948 4084 1181 4161 quoties
1208 4104 1345 4143 cum
1371 4086 1592 4143 Graecis
1631 4083 1934 4160 congressi
1969 4090 2132 4151 sunt,
2159 4086 2356 4159 perie-

177 4171 318 4231 runt,
342 4175 399 4225 et
424 4167 707 4242 exipsius
732 4165 955 4227 Priami
989 4163 1125 4223 filiis
1150 4164 1417 4240 quolibet
1454 4166 1518 4221 in
1559 4163 1764 4241 praelio
1787 4162 1864 4239 (si
1887 4162 2124 4236 quidem
2149 4165 2351 4239 epico-
