2925 4992
569 306 694 365 310
1127 302 1639 365 HERODOTI
1704 300 2069 365 HISTOR.
2128 304 2265 364 vn.

569 469 612 497 ‘¹
639 468 879 537 aspectu
909 478 1033 521 suo
1075 462 1440 538 dignabitur,
1474 463 1598 523 sive
1635 470 1740 521 tua
1784 462 2023 523 indutus
2066 462 2181 521 sim
2228 470 2407 531 veste,
2434 466 2557 533 sive
2596 485 2735 536 urea,

567 548 614 575 “
645 542 756 599 tibi
797 543 1170 605 vero-solum
1221 544 1270 599 si
1323 542 1471 599 illud
1522 540 1845 615 adparebit,
1873 544 2117 601 omnino
2168 544 2591 619 negligendum
2626 548 2736 604 erit.

565 627 607 653 “
635 620 796 677 Nam
824 621 870 677 si
899 628 1234 677 constanter
1273 621 1597 693 adpareret,
1624 620 1875 679 dicerem
1910 630 1970 677 et
2010 640 2145 697 ego,
2180 640 2307 679 rem
2334 623 2588 691 divinam
2608 642 2735 683 esse.

563 705 606 733 ·‘
636 698 932 755 Caeterum
975 697 1023 755 si
1065 699 1194 765 tibi,
1223 708 1288 757 nt
1329 700 1413 755 ita
1453 700 1691 765 faciam,
1718 706 1837 755 stat
1880 698 2206 768 decretum»,
2236 719 2422 776 neque
2448 720 2561 777 ego
2589 711 2642 759 te
2672 704 2737 759 ut

561 784 604 811 “
631 776 776 833 illud
806 794 1040 835 revoces
1079 794 1452 835 commovere
1490 794 1749 851 possum,
1776 777 1824 835 si
1850 780 2097 835 omnino
2138 798 2237 837 me
2280 788 2513 855 oportet
2551 788 2649 837 tuo
2687 782 2741 839 in

558 864 604 890 “
631 854 786 912 lecto
814 873 1094 915 somnum
1119 873 1361 931 capere:
1407 874 1543 932 age,
1570 856 1683 911 hoc
1708 856 1812 917 ubi
1834 856 2047 923 fecero,
2068 859 2345 933 adpareat
2368 859 2516 917 mihi
2535 876 2741 933 quoque

556 932 869 991 “'visumi
934 934 1140 993 Donec
1188 952 1328 993 vero
1374 936 1487 991 hoc
1529 934 1861 1009 contigerit,
1886 936 2155 1011 equidem
2194 938 2255 995 in
2297 956 2431 995 mea
2456 938 2739 1013 persistam

554 1019 600 1047 “
630 1014 986 1075 sententia.”‚

539 1140 546 1149 .
637 1094 728 1151 17.
770 1090 887 1147 His
929 1091 1122 1157 dictis,
1165 1092 1517 1161 Artabanus,
1546 1110 1785 1167 sperans
1829 1110 1891 1149 se
1937 1094 2342 1167 probaturum,
2370 1096 2585 1153 nullius
2628 1115 2741 1153 mo·

550 1170 740 1229 menti
766 1187 891 1228 esse
918 1188 1051 1245 quae
1077 1170 1308 1227 Xerxes
1335 1171 1581 1239 dixerat,
1609 1168 1951 1243 moremini
1976 1174 2177 1247 gessit.
2264 1174 2579 1249 Postquam
2620 1193 2743 1233 vero

551 1258 777 1314 vestem
803 1248 1018 1305 Xerxis
1047 1250 1290 1307 indutus
1333 1250 1394 1307 in
1437 1250 1587 1307 solio
1632 1244 1787 1325 regis
1830 1251 2121 1317 consedit,
2152 1269 2220 1307 ac
2262 1246 2476 1309 deinde
2498 1252 2741 1311 cubitum

551 1327 686 1397 ivit,
716 1330 878 1385 venit
921 1329 993 1385 ad
1042 1346 1200 1397 eum,
1230 1338 1300 1387 ut
1345 1346 1559 1386 somno
1602 1329 1829 1403 sopitus
1874 1337 1985 1397 est,
2012 1328 2171 1387 idem
2210 1331 2568 1389 insomnium
2606 1332 2743 1407 quod

550 1396 736 1465 Xerxi
775 1406 1164 1481 adparuerat3
1209 1415 1270 1465 et
1317 1408 1497 1481 capiti
1539 1402 1667 1478 ejus
1706 1405 1970 1474 adstans,
1994 1407 2121 1465 haec
2144 1408 2331 1465 dixitz-
2392 1416 2435 1441 “
2462 1410 2561 1468 Tu
2583 1411 2744 1486 igitur

551 1492 594 1518 ‘⁶
625 1486 674 1543 is
702 1504 784 1551 es,
813 1486 912 1561 qui
942 1486 1224 1553 Xerxem,
1251 1486 1436 1541 veluti
1472 1503 1671 1543 curam
1702 1480 1827 1557 ejus
1868 1502 2106 1560 gerens,
2136 1484 2409 1557 hortaris,
2440 1507 2516 1545 ne
2542 1489 2742 1547 bellum

550 1563 832 1622 “inferat
874 1564 1134 1622 Graecis?
1189 1568 1265 1621 At
1311 1581 1417 1621 nec
1458 1565 1725 1639 posthac,
1775 1580 1883 1619 nec
1924 1581 2105 1632 nunc,
2152 1565 2391 1639 impune
2441 1568 2615 1641 feres,
2656 1568 2743 1641 qui

551 1648 595 1676 “
625 1641 844 1701 infecta
885 1643 1120 1699 reddere
1163 1661 1254 1711 ea,
1299 1660 1434 1717 quae
1474 1640 1603 1699 fieri
1637 1650 1889 1717 oportet,
1918 1643 2163 1701 conaris.
2248 1644 2521 1711 Xerxem
2565 1654 2742 1703 autem

547 1728 592 1755 “
619 1738 754 1797 quae
777 1738 948 1795 poena
974 1730 1232 1789 maneat,
1260 1721 1416 1779 dicto
1444 1740 1567 1777 non
1596 1721 1955 1789 audientem,
1984 1722 2099 1796 ipsi
2126 1722 2493 1781 declaratum
2520 1726 2657 1783 est-’⁹

632 1804 727 1859 18.
769 1800 880 1857 His
903 1802 1095 1857 verbis
1133 1801 1326 1860 visum
1354 1808 1444 1857 est
1472 1800 1768 1857 Artabano
1814 1798 2179 1869 insomnium
2219 1799 2367 1859 illud
2414 1804 2607 1861 urinas
2646 1801 2743 1877 ipsi

549 1878 854 1943 intentare,
903 1880 1194 1953 simulque
1235 1879 1623 1937 candentibus
1674 1876 1839 1935 ferris
1890 1878 2041 1935 velle
2088 1879 2200 1955 ipsi
2248 1899 2497 1939 exurere
2546 1880 2744 1939 oculos.

541 1950 753 2031 Itaque
778 1958 897 2015 alta
923 1958 1267 2013 exclamans
1307 1975 1473 2025 voce,
1502 1957 1574 2013 de
1598 1959 1751 2014 lecto
1788 1957 2077 2031 prosiliit;
2125 1958 2521 2035 adsidensque
2546 1960 2743 2026 Xerxi,

543 2054 622 2147 {1⁰
619 2050 680 2171 ἓξ
681 2036 1210 2171 ’ἱὲῗέἳωῂῗὲῗῗι
1228 2036 1499 2171 ”ἰῗὲ”“ηῗ
1503 2036 2020 2187 ᾉῖῗὲἓὲἓῖῑηὲἲ
2037 2036 2746 2175 dessssierss‘i'sserffle‘v'iii

545 2200 590 2227 “
617 2131 1165 2259 alffinfirm’ioribuffi
1195 2130 1442 2249 rffline‘rle
1470 2200 1527 2249 te
1557 2194 1878 2259 volueram,
1904 2211 1975 2249 ne
2002 2132 2275 2251 unguibus
2299 2196 2361 2251 in
2388 2196 2569 2253 rebus
2582 2190 2745 2267 juve-

545 2277 587 2309 “
615 2272 720 2329 nili
747 2271 1078 2347 indulgeres
1107 2272 1283 2327 aetati.
1353 2271 1562 2345 ltaque
1590 2288 1813 2347 gnarus
1840 2289 2019 2346 quam
2046 2274 2449 2346 perniciosum·
2480 2277 2561 2333 sit
2586 2275 2748 2333 nimia

495 2357 594 2435 0“
621 2350 1053 2425 concupiscere,
1083 2358 1144 2406 et
1171 2368 1396 2407 memor
1427 2350 1563 2423 Cyri
1590 2350 1651 2407 in
1679 2350 2048 2427 Massagetas
2088 2352 2384 2425 expeditio
2423 2371 2608 2427 quem
2634 2354 2745 2411 exi-

546 2436 588 2461 “
615 2438 744 2489 tum
776 2429 1070 2495 habuerit,
1099 2446 1442 2502 memorque
1466 2429 1857 2502 expeditionis
1886 2428 2195 2503 Cambysis
2220 2431 2505 2489 adversus
2526 2432 2745 2493 AEtbio-

543 2514 589 2541 “
620 2526 748 2583 paS,
793 2508 1043 2581 denique
1085 2508 1479 2579 expeditionis
1526 2508 1719 2563 soci-us
1765 2524 1947 2579 quum
2000 2508 2217 2565 fuerim
2264 2509 2435 2566 Darii
2486 2512 2746 2570 adversus

541 2592 586 2619 ‘⁸
616 2587 898 2663 Scythas;
942 2586 1069 2641 haec
1097 2586 1298 2641 omnia
1323 2582 1569 2659 cognita
1616 2585 1860 2654 habens,
1892 2586 1951 2643 in
1992 2586 2103 2643 hac
2143 2586 2236 2643 fui
2274 2591 2593 2657 sententia,
2621 2590 2745 2651 bea-

545 2672 590 2697 “
616 2674 746 2722 tum
771 2671 833 2721 te
859 2664 1244 2739 praedicatum
1291 2663 1366 2719 ab
1411 2663 1694 2721 omnibus
1730 2664 2073 2721 hominibus
2099 2666 2189 2731 iri,
2218 2667 2269 2721 si
2296 2668 2449 2723 nihil
2477 2685 2749 2727 moveresr

543 2749 586 2775 “
613 2745 714 2811 At,
745 2740 1024 2816 quoniam
1073 2742 1363 2799 divinitus
1410 2743 1706 2799 immissus
1755 2751 1847 2799 est
1891 2742 1985 2799 hic
2028 2745 2307 2817 impetus,
2334 2753 2395 2802 et
2420 2746 2663 2815 Graecis,
2685 2756 2747 2803 ut

543 2829 590 2854 “
619 2822 867 2888 videtur,
895 2821 1025 2895 ipso
1057 2820 1187 2877 Deo
1216 2822 1452 2877 volente
1479 2822 1759 2879 imminet
1782 2821 2052 2889 exitium,
2083 2840 2207 2897 ego
2226 2826 2405 2880 etiam
2433 2825 2567 2901 ipse
2592 2834 2747 2883 muto

541 2906 584 2967 ‘,‘
612 2900 985 2969 sententiam,
1015 2907 1074 2955 et
1101 2899 1161 2954 in
1193 2908 1357 2956 tuam
1386 2908 1633 2957 transeo.
1716 2900 1814 2956 Tu
1839 2900 2022 2976 igitur
2066 2900 2259 2959 Persis
2310 2900 2585 2977 significa
2626 2922 2747 2979 quae

543 2986 587 3013 “
617 2980 726 3037 tibi
767 2978 1049 3035 divinitus
1093 2975 1272 3035 missa
1321 2990 1500 3050 sunt3
1550 2978 1888 3051 imperaque
1937 2978 2074 3045 illis,
2124 2988 2191 3035 ut
2234 2999 2304 3037 ea
2344 2992 2747 3059 exsequantur,-

541 3064 585 3091 “
611 3077 744 3135 quae
771 3067 838 3115 tu
865 3056 937 3113 ad
962 3058 1286 3131 parandum
1319 3056 1428 3113 hoc
1461 3056 1678 3113 beilum
1710 3058 2031 3130 spectantia
2056 3059 2219 3131 prius
2236 3059 2519 3119 edixeras.
2574 3062 2743 3120 Deni-

543 3144 589 3169 “
615 3155 730 3213 que
781 3137 866 3193 ita
904 3135 1020 3202 fac,
1057 3144 1146 3203 ut,
1187 3134 1475 3209 quoniam
1521 3136 1645 3192 haec
1694 3136 1803 3192 tibi
1850 3136 2012 3193 Deus
2060 3139 2391 3213 peragenda
2434 3141 2745 3207 commisit,

539 3221 585 3248 “
615 3216 779 3283 nihil,
807 3214 962 3289 quod
999 3232 1036 3269 a
1078 3221 1138 3269 te
1179 3214 1465 3287 proficisci
1495 3220 1693 3288 queat,
1720 3214 2130 3271 desideretur.”
2214 3217 2327 3273 His
2374 3236 2523 3275 vero
2565 3220 2744 3285 dictis,

543 3294 719 3351 simui
749 3302 924 3367 atque
947 3293 1066 3348 dies
1094 3291 1315 3359 illuxit,
1343 3294 1469 3349 viso
1512 3300 1801 3350 nocturno
1842 3294 2149 3361 commoti,
2176 3294 2405 3353 Xerxes
2428 3314 2575 3355 cum
2602 3278 2745 3363 ‚Per-

539 3372 619 3430 sis
671 3374 795 3429 haec
837 3370 1315 3440 communicavit,
1356 3380 1414 3425 et
1457 3372 1814 3438 Artabanne,
1843 3372 1949 3445 qui
1989 3373 2153 3447 prius
2200 3374 2363 3431 solus
2403 3375 2606 3451 palam
2630 3394 2743 3435 rem

537 3452 910 3515 dissuaserat,
939 3466 1099 3505 nunc
1125 3458 1318 3523 aperte
1344 3451 1616 3505 eamdem
1642 3450 1910 3525 urgebat.

621 3534 713 3589 19.
753 3528 1078 3602 Postquam
1104 3528 1188 3583 ita
1232 3528 1627 3585 constitutum
1671 3536 1797 3585 erat
1832 3528 2043 3597 Xerxi,
2070 3536 2140 3587 ut
2168 3531 2491 3606 susciperet
2516 3532 2744 3611 expedi-

537 3607 787 3673 tionem,
813 3606 988 3663 tertia
1025 3606 1080 3662 ei
1121 3606 1272 3663 visio
1316 3624 1420 3681 per
1468 3624 1742 3663 somnum
1768 3606 1969 3664 oblata
1994 3616 2118 3680 est3
2164 3628 2342 3685 quam
2368 3612 2566 3689 Magi,
2592 3614 2663 3670 ad
2682 3629 2743 3669 se

537 3686 801 3752 relatam,
830 3685 1194 3757 interpretati
1217 3693 1358 3741 sunt
1381 3685 1451 3741 ad
1483 3686 1814 3741 universam
1836 3693 2099 3761 spectare
2120 3695 2360 3755 terram,
2382 3691 2743 3765 significare-

535 3783 650 3840 que
676 3764 941 3823 homines
979 3781 1186 3819 omnes
1214 3782 1411 3819 servos
1443 3763 1600 3819 illius
1626 3763 1873 3820 futuros.
1952 3765 2090 3823 Fuit
2115 3785 2185 3823 ea
2210 3767 2361 3825 visio
2390 3765 2739 3847 hujusmodi.

535 3840 712 3901 Visus
742 3852 829 3901 est
856 3842 963 3899 sibi
989 3840 1220 3899 Xerxes
1245 3843 1514 3899 coronari
1540 3842 1686 3898 oleae
1709 3843 1938 3911 fronde,
1964 3862 2277 3920 ramosque
2325 3846 2470 3903 oleoe
2512 3849 2741 3905 univer-

535 3940 664 3981 sam
690 3939 972 3995 occupare
1000 3929 1238 3985 terram,
1264 3920 1470 3977 deinde
1494 3939 1635 3977 vero
1661 3938 2007 3979 evanescere
2034 3941 2311 3983 coronam
2351 3927 2527 4000 capiti
2558 3927 2743 4001 impo-

534 4002 731 4059 sitam.
821 4000 954 4057 Hoc
983 4000 1178 4056 visum
1206 4016 1388 4073 quum
1417 4000 1525 4067 ita,
1548 4008 1616 4057 ut
1642 4000 1785 4068 dixi,
1810 4000 2330 4077 interpretarentur
2358 4006 2519 4081 magi
2538 4030 2559 4077 3
2602 4020 2739 4079 pro-

534 4080 696 4138 tinus
723 4078 1054 4147 Persarum,
1081 4076 1186 4152 qui
1229 4076 1300 4133 ad
1340 4078 1657 4135 concilium
1699 4094 2117 4149 convenerant,
2146 4082 2547 4157 unusquisque
2572 4100 2739 4141 suam

533 4159 597 4218 in
627 4157 1042 4235 praefecturam
1079 4154 1397 4233 profectus,
1425 4156 1686 4215 studium
1728 4175 1929 4227 omne,
1952 4165 2021 4217 ut
2058 4156 2229 4231 jussa
2270 4168 2736 4239 exsequerentur,
