2925 4992
931 274 1440 342 POLYMNIA.
2175 290 2325 347 819.
2377 376 2383 385 ¹

217 440 295 493 51.
331 436 462 495 Post
499 436 616 495 baec
655 438 1029 497 Artabanus:
1069 441 1122 519 f‘
1149 437 1281 495 Rex
1303 438 1360 495 !”
1406 437 1627 512 inquit,
1656 444 1702 472 “
1728 439 2033 503 Quoniam
2075 442 2303 503 nullam

153 520 186 547 “
210 533 315 572 rem
354 534 451 573 nos
476 519 609 575 sinis
637 518 1036 584 extimescere,
1066 526 1134 573 tu
1168 528 1366 573 tamen
1410 536 1611 575 meum
1660 520 1907 577 admitte
1942 522 2251 579 consilium
2284 546 2303 579 ε

150 601 182 627 “
207 612 345 665 narn,
375 596 468 651 ubi
503 598 572 653 de
609 596 810 653 multis
851 597 1022 653 rebus
1059 598 1275 671 agitur,
1307 614 1542 655 necesse
1568 605 1657 655 est
1696 599 1877 657 etiam
1917 599 2089 672 plura
2114 600 2307 659 facere

155 679 186 705 “
213 675 380 730 verba.
456 674 664 751 Cyme,
700 675 1006 751 Cambysis
1047 674 1226 741 filine,
1257 674 1491 733 Ioniam
1533 694 1793 743 omnem,
1826 679 2083 751 exceptis
2121 680 2307 748 Athe·-

151 758 184 784 “
207 752 336 817 nia
363 752 609 829 subegit,
671 754 1156 827 tributariamque
1207 754 1396 811 Persis
1455 755 1615 811 fecit.
1736 754 1867 813 Hos
1934 757 2149 833 igitur,
2198 744 2333 815 tibi.

149 828 413 899 “suadeo,
443 834 605 889 nullo
645 842 819 907 pacto
859 833 1138 889 adversus
1180 842 1448 905 parentes
1491 834 1753 907 ipsorum
1788 835 1985 893 ducas
2066 836 2223 893 Nam
2246 845 2309 893 et

148 909 395 983 “absque
424 912 516 968 his
550 912 781 967 licuerit
823 912 988 967 nobis
1031 929 1304 985 superare
1346 912 1579 971 hostes:
1626 922 1685 969 et
1712 921 1945 987 oportet
1972 931 2093 980 eos,
2121 915 2169 970 si
2200 932 2309 973 nos

149 989 184 1018 “
207 999 518 1065 sequantur,
545 998 649 1047 aut
677 986 1091 1061 injustissimos
1120 1006 1270 1057 esse,
1292 991 1646 1063 metropolin
1676 1010 1847 1049 suam
1870 990 1933 1049 in
1964 994 2308 1053 servitutem

145 1072 178 1097 “
201 1068 547 1162 redigentes·
587 1078 692 1125 aut
710 1064 1090 1139 justissimos,
1115 1068 1444 1125 libertatem
1478 1070 1637 1125 illius
1664 1064 2027 1139 adjuvantes.
2105 1074 2309 1159 Atqui,

145 1151 179 1176 “
201 1162 240 1201 si
259 1147 611 1241 injustissimi
627 1156 792 1214 sunt,
797 1166 931 1203 non
947 1165 1230 1223 magnum
1251 1148 1421 1204 nobis
1445 1146 1675 1205 lucrum
1700 1148 2003 1207 adferent·
2034 1152 2083 1207 si
2102 1146 2311 1220 justis·-

147 1230 182 1254 “
207 1226 345 1292 simi,
371 1228 626 1285 maxima
655 1226 988 1283 calamitate
1015 1227 1262 1282 adficere
1288 1234 1457 1283 tuum
1490 1235 1773 1301 poterunt
1794 1230 2135 1287 exercitum.
2188 1230 2337 1287 De·.

146 1308 181 1332 “
207 1304 361 1377 nique
399 1314 605 1381 reputa
646 1314 866 1373 tecum,
908 1314 1060 1363 recte
1101 1306 1217 1363 dici
1259 1314 1428 1363 vetus
1470 1306 1617 1363 illud
1658 1306 1931 1375 verbum,
1955 1306 2094 1364 Non
2134 1309 2315 1369 simul

145 1384 182 1412 “
202 1399 322 1439 cum
345 1384 632 1459 principio
659 1386 885 1441 exitum
911 1384 1090 1441 etiam
1119 1402 1357 1441 omnem
1385 1387 1640 1459 patere.’'

206 1464 288 1516 52.
321 1463 410 1520 Ad
435 1464 561 1524 haec
582 1462 808 1519 Xerxes
829 1464 1172 1538 respondit·
1211 1468 1251 1493 “
1279 1463 1611 1519 Artabane.
1598 1464 1614 1502 ¹
1648 1465 1918 1522 omnium
1946 1483 2089 1541 quas
2118 1466 2319 1525 dixisti

145 1544 177 1570 “
201 1543 606 1599 sententiarum
629 1543 754 1599 haec
782 1549 840 1599 te
866 1543 1124 1603 maxime
1149 1540 1322 1607 fallit,
1349 1543 1507 1616 quod
1534 1552 1705 1615 putas
1730 1545 2059 1601 verendum
2082 1563 2209 1603 esse
2234 1564 2317 1605 ne

143 1618 356 1675 “lones
381 1640 414 1677 a
446 1622 618 1677 nobis
649 1621 956 1677 deficiant:
1001 1637 1254 1695 quorum
1296 1619 1623 1677 maximum
1667 1621 1951 1679 habemus
1992 1624 2315 1681 documen*

145 1700 177 1726 “
201 1703 334 1764 tum,
361 1702 574 1775 quibus
605 1708 669 1759 tu
697 1701 818 1773 ipse
842 1700 1006 1755 testis
1035 1717 1121 1765 ee,
1141 1706 1202 1755 et
1227 1698 1585 1773 quicumque
1612 1700 1711 1756 alii
1738 1718 1879 1755 cum.
1903 1702 2083 1761 Dario
2110 1704 2317 1761 adver·

142 1779 179 1806 “
205 1793 288 1833 sus
329 1778 571 1853 Scythas
615 1780 968 1846 militarunt,
997 1778 1177 1835 fuisse
1219 1778 1278 1833 in
1322 1778 1559 1835 illorum
1604 1786 1894 1853 potestate
1932 1788 2034 1838 aut
2075 1782 2317 1855 perdere

141 1856 532 1913 “universum
555 1858 854 1914 Persicum
884 1858 1230 1929 exercitum,
1260 1864 1362 1912 aut
1397 1873 1666 1929 servare3
1710 1858 1947 1917 eosdem
1976 1877 2117 1917 vero
2138 1856 2319 1931 justi·

141 1929 324 1990 “tiam
351 1946 409 1993 et
432 1938 613 1993 fidem
639 1937 994 2030 praestitisse,
1027 1936 1292 2007 nihilque
1321 1932 1540 2009 ingrati
1566 1937 1949 1995 commisisse.
2003 1938 2323 2009 Praeterea,

144 2017 175 2042 “
201 2029 368 2085 quum
401 2026 604 2073 nostra
644 2017 705 2071 in
733 2025 886 2071 terra
914 2014 1259 2089 reliquerint
1299 2014 1511 2071 liberos
1540 2033 1678 2073 suos
1704 2025 1763 2072 et
1790 2034 2001 2075 uxores
2024 2025 2087 2075 et
2123 2018 2343 2077 facul--

141 2094 176 2121 ‘¹
200 2098 353 2159 tateS,
379 2114 452 2153 ne
478 2095 730 2169 cogitari
757 2093 994 2168 quidem
1024 2092 1216 2160 debet,
1245 2111 1336 2149 res
1365 2112 1543 2151 novas
1574 2110 1675 2151 eos
1704 2096 2031 2155 molituros.
2112 2096 2323 2173 Itaque

161 2174 261 2227 ‘ne
303 2172 411 2231 hoc
456 2173 700 2248 quidem
748 2172 1109 2243 reformida·
1159 2171 1261 2227 sed
1303 2172 1529 2229 bonum
1571 2174 1794 2229 habens
1836 2176 2111 2235 animum
2154 2194 2323 2235 serva

140 2252 384 2309 “meum
415 2254 664 2311 domum
705 2268 1026 2326 meumque
1063 2248 1415 2325 imperium·
1461 2268 1599 2319 nam
1638 2251 1751 2307 tibi
1787 2254 1897 2309 uni
1935 2271 2009 2313 ex
2043 2255 2319 2312 omnibus

140 2332 174 2357 “
195 2338 406 2404 sceptra
431 2350 573 2389 mea
599 2331 970 2388 committ0.”
2326 2370 2333 2378 -

205 2410 286 2463 53.
327 2410 435 2466 His
479 2411 680 2477 dietis,
706 2410 1066 2467 Artabanum
1105 2406 1331 2483 Xerxes
1373 2404 1518 2465 Susa
1557 2408 1739 2477 misit,
1767 2406 1973 2467 deinde
2013 2408 2319 2471 Persarum

139 2486 519 2546 nobilissimos
547 2489 618 2545 ad
651 2506 712 2545 se
739 2488 1110 2545 convocavit.
1178 2488 1300 2550 Qui
1326 2487 1435 2543 ubi
1459 2504 1811 2555 convenere,
1840 2490 1967 2545 haec
1991 2488 2065 2545 ad
2092 2506 2193 2547 eos
2220 2509 2339 2547 rex-

136 2566 291 2622 verba
314 2568 494 2625 fecit:
545 2574 590 2599 “
610 2568 839 2625 Persae.
825 2568 838 2603 ¹
869 2566 1220 2624 Convocavi
1243 2583 1349 2623 vos
1374 2584 1511 2641 eg0,
1542 2566 1652 2623 hoc
1680 2585 1715 2623 a
1739 2568 1907 2625 vobis
1934 2568 2327 2639 contendens,

139 2648 173 2673 “
196 2652 258 2700 ut
289 2646 466 2704 fortes
513 2647 670 2715 viros
697 2664 801 2703 vos
841 2647 1146 2739 praa-stetis,
1178 2662 1366 2721 neque
1403 2663 1495 2703 res
1534 2646 1780 2703 antehac
1804 2665 1840 2702 a
1865 2647 2057 2703 Persis
2096 2655 2341 2741 gestas„

136 2726 172 2753 “
197 2740 426 2801 magnas
453 2708 602 2782 illas
620 2726 1016 2800 memoriaque
1041 2725 1276 2801 dignas,
1303 2723 1677 2786 dedecoretis.
1758 2720 1889 2793 Sed,
1920 2732 1979 2783 et
2004 2728 2322 2803 unusquis·

137 2806 176 2831 “
201 2820 304 2878 que
330 2822 434 2879 pro
455 2822 548 2873 se,
567 2812 625 2861 et
647 2804 828 2861 simul
848 2804 1123 2871 universi,
1149 2802 1367 2878 promti
1395 2803 1731 2876 alacresque
1754 2804 1973 2861 simus!
2006 2820 2345 2863 commune·

137 2884 173 2912 “
197 2884 340 2941 enim
381 2885 503 2941 hoc
543 2884 816 2939 omnibus
855 2883 1083 2941 bonum
1124 2881 1463 2957 quaerirnus.
1544 2880 1679 2937 Hac
1712 2899 1851 2939 vero
1878 2882 1951 2938 de
1990 2901 2195 2944 caussa
2216 2902 2327 2943 vos

135 2964 168 2990 “
195 2960 408 3030 hortor,
437 2969 516 3019 ut
537 2964 698 3019 omni
724 2962 1102 3018 contentione
1129 2963 1190 3019 in
1221 2961 1333 3015 hoc
1362 2959 1587 3017 bel‘lum
1613 2960 1989 3029 incumbatis,
2014 2964 2345 3035 quoniam,¹

136 3043 172 3069 “
195 3047 257 3095 ut
283 3042 482 3109 audio,
517 3060 653 3097 cum
690 3035 942 3097 fortibus
969 3040 1110 3095 viris
1150 3038 1548 3114 pugnandum
1588 3040 1761 3095 nobis
1789 3040 1937 3110 erit3
1986 3058 2135 3113 quos
2159 3042 2209 3099 si
2233 3040 2346 3097 vi·-

135 3121 172 3149 “
197 3116 470 3188 cerimuS,
504 3120 702 3176 nullus
743 3136 917 3194 porro
964 3120 1111 3178 alius
1163 3118 1475 3175 hominum
1524 3117 1813 3174 exercitus
1858 3118 2030 3175 nobis
2078 3121 2326 3178 resistet.

134 3202 170 3227 “
196 3195 358 3257 Nunc
386 3216 533 3255 vero
562 3194 944 3270 trajiciamuS,
971 3198 1134 3255 Deos
1159 3197 1378 3271 precati
1404 3196 1654 3253 Persicae
1680 3204 1849 3254 terrae
1876 3198 2203 3271 praeside3.”

201 3279 288 3335 54.
331 3278 417 3336 Et
439 3278 551 3335 illo
579 3278 812 3352 quidem
841 3277 936 3333 die
965 3276 1248 3349 parabant
1275 3275 1622 3332 transitum:
1665 3276 1946 3349 postridie
1972 3295 2110 3335 vero
2136 3278 2327 3350 solem

133 3358 563 3431 exspectabant,
593 3357 896 3430 cupientes
923 3352 1217 3413 orientem
1239 3354 1458 3421 videre,
1488 3361 1550 3410 et
1575 3353 1825 3411 odorum
1850 3372 2030 3413 omne
2050 3374 2239 3431 genus
2262 3360 2325 3416 in

133 3436 394 3506 pontibus
445 3436 766 3501 adolenteS‚
805 3447 866 3491 et
909 3436 1114 3508 myrtis
1157 3435 1314 3490 viam
1359 3440 1701 3491 sternentes.
1782 3432 2023 3493 Oriente
2064 3436 2209 3503 sole,
2246 3454 2351 3493 ex,

131 3530 288 3571 aurea
315 3516 518 3589 phiala
543 3514 834 3571 libamina
858 3514 1087 3569 Xerxes
1110 3513 1266 3571 fudit
1292 3511 1354 3567 in
1381 3529 1562 3579 mare,
1592 3519 1651 3567 et
1680 3508 1752 3567 ad
1784 3512 1983 3569 Solem
2012 3531 2327 3573 conversus

131 3605 386 3662 precatus
427 3602 540 3661 est,
567 3602 638 3651 ut
677 3592 990 3649 nullus-sibi.
1026 3592 1296 3649 accideret
1337 3608 1511 3657 carue,
1542 3592 1637 3662 qui
1675 3593 1853 3663 ipsum
1894 3601 2105 3664 cogeret
2139 3614 2175 3649 a
2201 3596 2355 3655 sul».

130 3672 309 3743 igenda
343 3674 577 3744 Europa
611 3675 765 3744 prius
789 3672 1060 3737 desistere,
1091 3687 1252 3743 quam
1276 3670 1351 3725 ad
1383 3675 1645 3725 extremos
1669 3670 1819 3725 illius
1848 3675 2099 3727 terminos
2134 3691 2347 3743 perve-,

129 3753 294 3807 nisset.
362 3749 617 3807 Peractis
647 3751 934 3824 precibus,
965 3750 1223 3824 phialam
1253 3749 1313 3817 in
1337 3746 1793 3821 Hellespontum
1823 3744 2093 3822 projecit,
2120 3751 2338 3821 simul-x

131 3845 232 3901 que
261 3848 512 3887 aureum
540 3837 842 3895 craterem,
870 3838 930 3887 et
959 3829 1256 3886 Persicum
1293 3826 1586 3901 gladium,
1616 3844 1789 3902 quem
1816 3830 2069 3883 acinacen
2096 3839 2329 3887 vocant.

125 3904 269 3968 Illud
298 3918 502 3966 autem
533 3918 690 3964 certo
712 3908 950 3964 definire
977 3926 1093 3964 non
1123 3923 1390 3979 possum,
1407 3913 1614 3962 utrum
1641 3906 1705 3962 in
1726 3902 1877 3962 Solis
1903 3906 2187 3965 honorem
2216 3908 2361 3971 ista

129 3986 184 4041 in
208 4006 369 4044 mare
412 3983 746 4063 projecerit,
777 4005 856 4042 an
881 3987 1038 4043 Mari
1079 4002 1325 4041 munera
1361 3984 1477 4041 ista
1514 3979 1817 4051 obtulerit,
1844 3984 2187 4058 poenitentia
2222 3990 2327 4045 ad·

127 4064 329 4126 ductus
359 4066 522 4141 quod
551 4064 1010 4139 Hellespontum
1039 4064 1288 4139 flagellis
1315 4064 1460 4119 caedi
1476 4056 1769 4133 jussisset.

196 4150 290 4203 55.
335 4147 458 4205 l-lis
499 4144 672 4203 rebus
714 4144 986 4219 peractis,
1018 4144 1428 4215 Hellespontum
1478 4144 1640 4216 copiae
1684 4137 2027 4213 trajecerunt.
2107 4144 2188 4203 Et
2218 4164 2329 4221 per
