2925 4992
491 329 532 382 2
1083 322 1587 383 HERODOTI
1652 319 2019 384 HISTOR.
2068 321 2116 381 1.

492 489 644 548 sent,
677 482 940 558 rapuisse
962 482 1100 539 inde
1127 483 1280 558 regis
1321 483 1505 542 filiam
1545 482 1851 554 Medeam3
1894 497 2197 556 quumque
2240 479 2320 538 ad
2371 497 2574 555 poenas
2609 497 2705 538 ra-
2785 473 2797 481 “

493 570 632 636 ptus
682 558 864 633 hujus
913 561 1252 636 repetendas
1277 567 1337 618 et
1369 563 1445 620 ad
1494 562 1913 638 reposcendam
1952 561 2137 622 filiam
2176 559 2620 618 caduceatorem
2646 561 2709 616 in

494 641 786 700 Graeciam
802 641 1054 698 misisset
1071 659 1173 697 rex
1189 640 1571 707 Colchorum,
1595 639 1963 714 respondisse
1976 639 2239 706 Graecos,
2264 639 2708 712 quemadmodum

493 721 584 776 ilci
607 721 676 776 de
701 727 867 795 raptu
891 719 1113 792 Argives
1141 720 1238 776 Ius
1261 721 1364 776 sibi
1387 738 1495 778 non
1520 722 1789 776 dedissent
1821 736 2029 792 poenas,
2056 721 2135 775 sic
2162 736 2229 775 ne
2262 736 2319 775 se
2358 719 2571 791 quidem
2596 719 2713 774 illis

493 800 738 856 daturos.

573 883 632 935 3.
671 879 834 936 Τιιιιι
859 878 1096 944 deinde,
1121 855 1392 952 proxima
1417 884 1617 946 aetate,
1644 877 2043 936 Alexandrum
2058 876 2277 941 Priami
2298 877 2511 944 filium,
2524 893 2715 950 quum

499 957 614 1014 ista
635 945 971 1024 audivisset,
997 957 1372 1049 cupidinem
1356 959 1660 1014 incessisse
1673 957 1875 1014 uxoris
1896 956 2001 1014 sibi
2026 973 2059 1012 e
2080 956 2309 1012 Graecia
2324 972 2427 1030 per
2446 957 2719 1028 rapinam

499 1035 948 1111 comparandae3
995 1035 1430 1092 existimantem
1470 1037 1679 1110 utique
1724 1052 1786 1091 se
1823 1051 1947 1106 ‘non
1994 1034 2271 1090 daturum
2310 1051 2541 1107 poenas,
2570 1049 2719 1108 quo-

503 1116 664 1172 niam
695 1133 800 1172 nec
847 1114 934 1170 illi
977 1113 1294 1170 dedissent.
1373 1113 1471 1170 Ita
1510 1131 1696 1189 quum
1742 1111 1791 1168 is
1840 1114 2129 1187 rapuisset
2175 1113 2491 1180 Helenam,
2518 1114 2719 1168 visum

501 1212 627 1250 esse
653 1193 878 1251 Graecis
900 1194 1161 1267 primum
1201 1193 1396 1250 missis
1435 1193 1664 1250 nunciis
1704 1191 1999 1250 Helenam
2042 1199 2301 1266 repetere
2314 1201 2387 1247 ‘et
2412 1207 2620 1265 poenas
2644 1190 2721 1246 de

504 1281 680 1346 raptu
705 1287 980 1346 poscere:
1025 1272 1158 1326 illos
1186 1278 1329 1326 vero‘
1355 1271 1535 1340 hisce,
1558 1271 1857 1346 postulata
1880 1287 1988 1327 sua
2004 1271 2455 1345 exponentibus,
2482 1275 2719 1344 raptum

503 1351 884 1424 exprobrasse
910 1349 1160 1416 Medeae,
1185 1349 1257 1406 'ut
1283 1353 1397 1423 qui,
1427 1369 1593 1423 quum
1632 1353 1738 1422 ipsi
1764 1367 1861 1406 nec
1892 1367 2079 1422 poenas
2120 1351 2409 1416 dedissent,
2436 1366 2533 1404 nec
2560 1348 2719 1403 illam

506 1429 898 1503 reposcentibus
923 1429 1296 1494 reddidissent,
1323 1429 1525 1485 vellent
1551 1429 1621 1484 ab
1648 1429 1779 1484 aliis
1801 1446 1988 1501 poenas
2012 1429 2114 1484 sibi
2138 1429 2279 1485 dari.

583 1515 653 1564 4.
683 1507 1012 1580 Hucusque
1054 1507 1238 1582 igitur
1265 1508 1489 1564 mutuis
1532 1507 1729 1564 solum
1779 1506 1997 1580 rapinis
2034 1523 2161 1566 esse
2204 1515 2442 1564 actum:
2488 1505 2565 1563 ab
2614 1503 2723 1560 illo

503 1599 644 1644 vero
671 1593 936 1659 tempore
977 1586 1216 1642 Graecos
1254 1586 1459 1660 utique
1498 1585 1839 1662 graviorum
1878 1581 2228 1656 injuriarum
2268 1585 2561 1642 'exstitisse
2612 1600 2723 1639 au-

505 1673 736 1736 ctores3
783 1666 892 1722 hos
917 1665 1076 1721 enim
1105 1665 1266 1737 prius
1305 1665 1460 1722 Asiae
1500 1666 1747 1740 coepisse
1788 1663 2015 1720 bellum
2054 1663 2291 1730 inferre,
2317 1682 2499 1739 quam
2524 1663 2721 1718 Persae

506 1745 848 1802 intulissent
885 1743 1160 1816 Europae.
1239 1741 1324 1798 Et
1360 1743 1639 1804 mulieres
1677 1743 1915 1818 quidem
1954 1761 2174 1818 rapere,
2212 1743 2401 1800 videri
2422 1741 2533 1798 sibi
2556 1741 2727 1797 aiunt

505 1825 850 1898 iniquorum
893 1838 1020 1878 esse
1067 1821 1420 1892 bominum3
1470 1831 1765 1896 raptarum
1808 1840 1947 1878 vero
1996 1814 2285 1880 ultionem
2313 1829 2479 1879 tanto
2525 1819 2726 1876 studio

505 1901 800 1976 persequi,
827 1901 1198 1968 amentium;
1243 1907 1475 1966 contra,
1503 1900 1735 1958 nullam
1739 1901 2063 1994 ‘raptarum
2086 1917 2289 1956 curam
2316 1901 2548 1966 habere,
2578 1916 2722 1972 pru-

508 1981 814 2037 dentium:
859 1979 1078 2055 quippe
1107 1979 1493 2036 manifestum
1518 1996 1665 2046 esse,
1696 1979 1808 2036 nisi
1848 1980 1991 2053 ipsae
2029 1979 2376 2046 voluissent,
2405 1995 2525 2034 non
2552 1977 2723 2034 futu·-

510 2078 646 2116 rum
692 2059 876 2115 fuisse
923 2065 991 2121 ut
1044 2067 1398 2130 raperentur.
1478 2057 1689 2138 Itaque
1738 2075 1802 2114 se
1846 2058 2085 2130 quidem
2126 2057 2329 2114 Asiam
2377 2057 2727 2122 incolenteS,

509 2139 682 2194 aiunt·
706 2135 918 2204 Persae,
945 2143 1245 2209 raptarum
1271 2129 1593 2192 mulierum
1619 2136 1846 2194 nullam
1868 2137 2149 2193 habuisse
2160 2138 2497 2206 rationem3
2548 2135 2753 2190 Grae-.

509 2234 614 2272 cos
639 2223 840 2272 autem
864 2214 1130 2272 mulieris
1149 2213 1456 2272 Laconicas
1480 2231 1691 2272 cauisse
1714 2216 2024 2290 ingentem
2048 2216 2408 2272 contraxisse
2446 2216 2721 2279 classem,

513 2305 574 2351 et
599 2311 744 2350 mox
769 2297 828 2350 in
852 2293 1046 2350 Asiam
1069 2291 1340 2366 profectos
1367 2293 1589 2349 Priami
1634 2311 1861 2368 regnum
1898 2295 2191 2350 evertisse:
2228 2293 2303 2350 ab
2346 2311 2417 2350 eo
2459 2301 2727 2364 tempore

514 2391 578 2433 se
603 2379 941 2430 constanter
964 2369 1210 2428 Graeeioe'
1237 2372 1487 2446 populos
1512 2372 1629 2430 sibi·
1650 2389 1779 2430 esse
1804 2373 2074 2430 inimicos
2101 2373 2483 2430 existimasse.
2560 2370 2724 2428 Nam

513 2453 739 2518 Asiam,
769 2460 830 2508 et
854 2451 1134 2512 barbaras
1147 2459 1357 2524 gentes
1375 2468 1510 2508 eam
1534 2451 1885 2517 incolentes,
1910 2451 2066 2508 adse
2092 2452 2383 2526 pei-tinere
2408 2455 2725 2508 autumant

513 2530 744 2601 Persae3
791 2529 1098 2603 Europam
1123 2546 1264 2584 vero
1291 2536 1352 2584 et
1377 2529 1631 2588 Graecos-
1646 2530 1794 2586 nihil
1818 2545 2020 2586 seeum
2046 2530 2625 2588 communehabere.

558 2648 564 2652 -
597 2615 668 2666 ὁ.ν
697 2609 964 2666 Huncin
993 2608 1240 2674 modum
1269 2607 1460 2666 Persae
1498 2609 1739 2682 quidem
1762 2617 1961 2684 gestas
2002 2625 2093 2665 res
2132 2625 2258 2666 esse
2282 2615 2635 2675 memorant,
2664 2614 2727 2665 et

513 2689 591 2744 ab
639 2689 746 2744 Ilii
788 2686 1012 2744 excidio
1061 2693 1338 2759 repetunt
1381 2687 1824 2750 inimicitiarum
1870 2704 2111 2744 suarum
2161 2689 2439 2745 adversus
2486 2687 2728 2758 Graecos

513 2763 768 2822 initium.
847 2764 944 2822 De
989 2764 1058 2822 Io
1112 2783 1250 2821 vero
1289 2783 1425 2825 eum
1468 2765 1667 2822 Persis
1702 2773 1823 2827 non
1860 2767 2241 2824 consentiunt
2264 2767 2573 2823 Phoenices
2599 2783 2724 2822 rem

513 2846 630 2902 isto
655 2844 834 2901 modo
861 2861 988 2900 esse
1013 2852 1264 2919 gestam.
1341 2844 1582 2922 Negant
1606 2847 1769 2902 enim
1796 2863 1859 2902 se
1886 2853 2060 2920 raptu
2084 2863 2226 2902 usos
2251 2846 2459 2903 illam'
2442 2863 2505 2902 ιιι
2530 2844 2725 2920 AEgy-
2750 2879 2755 2884 -

513 2933 686 2998 ptum
711 2922 1067 2980 abduxisse.
1113 2922 1212 2978 sed
1235 2923 1412 3000 Argis
1429 2941 1562 2980 eam
1588 2939 1727 2982 cum
1752 2925 2025 2982 nauclero
2042 2926 2211 2982 aiunt
2236 2923 2641 2991 concubuisse,
2670 2931 2730 2980 et

515 3020 704 3080 quum
729 3019 794 3058 se
821 2999 1128 3076 gravidam
1149 3003 1454 3069 sensisset,
1482 3003 1731 3062 veritam
1757 3011 2071 3078 parentum
2098 3005 2267 3069 iram,
2314 3005 2397 3060 sic
2422 3003 2725 3058 volentem

517 3082 707 3154 ipsam
735 3097 874 3136 cum
900 3079 1273 3136 Phoenicibus
1313 3081 1688 3156 enavigasse,
1716 3099 1793 3138 ne
1832 3089 2134 3156 comperta
2156 3081 2327 3138 foret.
2406 3081 2557 3138 Haec
2582 3089 2729 3138 sunt

514 3156 720 3236 igitur,
773 3176 908 3232 quae
952 3159 1168 3230 partim
1211 3178 1246 3215 a
1286 3159 1506 3226 Persis,
1544 3160 1759 3232 partim
1805 3178 1843 3214 a
1884 3160 2265 3217 Phoenicibus
2308 3167 2732 3218 memorantur.

515 3237 654 3313 Ego
679 3255 840 3303 vei-0,
869 3245 1072 3292 utrum
1101 3237 1206 3292 tali
1245 3238 1424 3294 modo
1465 3239 1590 3294 haec
1629 3246 1797 3313 gesta
1838 3239 1974 3303 sint,
2003 3255 2077 3294 an
2102 3238 2239 3326 alio,
2268 3256 2389 3295 non
2418 3237 2731 3314 adgredior

517 3316 882 3390 disceptare·
865 3351 891 3368 a
925 3315 1046 3380 sed,
1077 3333 1253 3389 quem
1304 3317 1450 3390 ipse·
1474 3316 1613 3372 novi
1648 3319 1887 3389 primum
1910 3317 2097 3374 fuisse
2142 3315 2475 3388 injuriarum
2528 3317 2733 3374 Groecis

515 3395 820 3450 inlaturum
843 3403 1140 3460 auctorem,
1169 3395 1329 3450 hunc
1351 3394 1456 3450 ubi
1484 3395 1839 3464 indicavero,
1870 3403 2009 3453 tune
2034 3395 2111 3452 ad
2138 3397 2363 3470 reliqua
2387 3396 2733 3468 exponenda

514 3473 882 3548 progrediar,
911 3472 1149 3546 perinde
1175 3480 1236 3528 et
1260 3487 1577 3546 parvarum
1606 3474 1919 3535 civ-itatmn
1946 3486 2007 3530 et
2033 3491 2391 3549 magnarum
2416 3491 2506 3530 res
2534 3491 2731 3547 perse·-

519 3560 780 3608 cuturus.
860 3550 1262 3625 Etenimquae
1289 3551 1436 3608 oh'm
1461 3552 1695 3610 fuerant
1717 3569 1975 3628 magnae,
2002 3569 2203 3609 earum
2233 3549 2503 3627 plurimae
2529 3569 2729 3626 parvae

518 3629 692 3688 faetae
737 3636 882 3686 sunt
909 3647 932 3684 ι
969 3637 1030 3686 et
1047 3645 1188 3703 quae
1229 3637 1430 3688 nostra
1474 3631 1759 3688 memoria
1806 3649 2041 3706 magnae
2062 3631 2253 3698 fuere,
2292 3631 2527 3689 'eaedem
2564 3631 2730 3705 prius

518 3709 752 3785 exiguae
804 3707 1060 3764 fuerant.
1140 3707 1366 3782 Itaque,
1417 3708 1564 3768 bene
1606 3726 1825 3784 gnarus
1870 3710 2193 3766 humanam
2245 3711 2605 3768 felicitatem·
2627 3726 2739 3767 ne·-

519 3804 818 3864 quaquam
864 3787 928 3842 in
975 3786 1182 3844 eodem
1223 3787 1466 3862 fastigio
1498 3805 1761 3900 manere,
1808 3789 2049 3864 perinde
2088 3795 2474 3864 utrarumque
2512 3787 2730 3847 faciam

519 3867 909 3928 mentionem.
953 3891 958 3896 ·

601 3949 660 4000 6.
700 3946 994 4014 Cnoesus,
1039 3961 1251 4019 genere
1290 3943 1516 4018 Lydus,
1557 3944 1807 4021 Alyattis
1850 3947 2029 4014 filine,
2070 3966 2173 4006 rex
2212 3948 2329 4006 fuit
2370 3947 2731 4022 populorum

523 4024 686 4088 int-ra
727 4023 928 4086 Halm
968 4024 1218 4080 fiuvium
1260 4024 1692 4081 incolentium·
1676 4050 1695 4096 5
1740 4027 1900 4099 quod
1924 4025 2167 4093 flumen,
2208 4045 2247 4084 a
2276 4026 2520 4084 meridie
2557 4023 2730 4098 Syros

522 4103 678 4158 inter
727 4109 794 4156 et
835 4087 1236 4178 Paphlagonas
1277 4101 1645 4170 interfluens,
1692 4103 1765 4160 ad
1814 4108 2274 4180 septentrionem
2316 4105 2383 4160 in
2422 4102 2730 4162 Euxinum

522 4180 624 4256 qui
652 4187 895 4244 vocatur
943 4181 1206 4240 Pontum
1243 4199 1306 4239 se
1347 4192 1641 4248 exonerat.
1723 4182 1843 4242 Hic
1890 4185 2129 4244 Croesus
2170 4202 2205 4242 e
2251 4183 2534 4260 barbaris,
2578 4195 2731 4258 quos
