2925 4992
574 338 697 398 ⁴³4
1150 330 1651 395 HERODOTI
1707 322 2072 391 Hls‘ron.
2119 329 2230 393 lx.

583 494 869 571 navigato
894 488 1295 551 Eumenidum
1322 491 1568 567 templo,
1593 491 1750 567 quod
1791 490 1851 547 in
1885 488 2119 565 Mycale
2154 494 2267 556 est,
2293 488 2357 546 in
2383 488 2664 547 G-sonem
2679 496 2732 545 et

588 572 1033 647 Scolopoentem
1058 572 1380 638 venissent,
1408 569 1516 627 ubi
1554 579 1642 629 est
1681 568 1908 626 Cereris
1934 567 2258 625 Eleusinia
2281 568 2587 643 templum,
2607 566 2737 641 quod

584 650 870 712 Philistus
913 650 1139 716 statuit,
1170 650 1409 705 Pasiclis
1454 642 1907 716 iilius,'Neleum
1931 646 2112 704 Codri
2157 645 2345 709 fllium
2391 648 2466 704 ad
2497 646 2740 703 Miletum

584 728 946 805 condendam
988 735 1262 785 secutus:
1304 726 1381 783 ibi
1421 728 1829 801 submiserunt
1875 740 2089 782 naves:
2133 730 2218 791 et,
2261 726 2426 781 casis
2473 723 2741 781 arboribus

584 804 909 883 frugiferis,
936 824 1107 863 muro
1134 822 1232 863 eas
1256 804 1765 862 circumdederunt
1791 803 2008 878 partim
2057 804 2072 819 ⁶
2123 818 2256 869 neo,
2283 804 2495 879 partim
2517 802 2738 876 lapideo,

584 886 866 961 palosque
890 892 1215 960 praeacutos
1240 883 1392 940 circa
1410 900 1648 939 murum
1677 882 2024 940 defixerunt.
2173 882 2370 956 nique,
2393 882 2456 937 in
2471 889 2744 959 utrumque

584 971 815 1039 partem
844 982 904 1020 re
932 963 1271 1028 deliberata,
1300 970 1361 1018 et
1400 960 1472 1017 ad
1511 960 1873 1019 tolerandam
1914 960 2281 1017 obsidionem
2304 966 2368 1016 et
2392 960 2466 1016 ad
2485 962 2750 1033 'superum'

587 1042 730 1101 dum
759 1042 988 1097 hostem
1018 1056 1144 1097 sese
1169 1040 1607 1113 comparabant.
1731 1088 1735 1093 .

668 1123 762 1177 98.
804 1120 1016 1185 Graeci,
1070 1128 1139 1174 ut
1191 1119 1263 1173 ad
1314 1118 1708 1173 continentem
1755 1116 1970 1173 abiisse
2019 1116 2308 1173 Barbaros
2351 1121 2748 1194 cognoverunt,

588 1215 745 1274 aegre
785 1196 1051 1254 ferebant
1088 1195 1245 1271 quod
1286 1195 1399 1251 sibi
1444 1214 1478 1251 e
1517 1196 1788 1251 munibus
1827 1202 2021 1251 essent
2057 1194 2273 1268 elapsi:
2319 1212 2431 1252 nec
2465 1210 2598 1251 vero
2629 1194 2752 1250 satis

584 1276 727 1334 certi
754 1284 923 1332 erant
945 1274 1086 1350 quid
1110 1276 1369 1333 facerent
1393 1274 1530 1347 ipsi,
1557 1284 1758 1331 utrum
1783 1273 2026 1328 domum
2055 1274 2328 1339 redirent,
2357 1290 2434 1329 an
2471 1274 2530 1329 in
2571 1270 2748 1328 Helle·-

586 1362 865 1429 spontum
908 1353 1271 1429 navigarent.
1351 1352 1437 1408 Ad
1468 1359 1794 1409 extremum
1821 1351 2200 1407 decreverunt
2241 1360 2516 1409 neutrum
2565 1350 2750 1407 horum

586 1428 798 1498 facere,
845 1432 943 1487 sed
1001 1430 1073 1488 ad
1126 1431 1528 1487 continentem
1581 1429 1833 1507 dirigere
1887 1445 2082 1487 naves.
2187 1430 2396 1503 Itaque
2447 1428 2754 1503 praeparatis

587 1512 758 1567 scalis
786 1516 845 1566 et
872 1509 1001 1566 aliis
1044 1508 1215 1565 rebus
1254 1524 1505 1585 quarum
1543 1508 1607 1563 in
1649 1508 1846 1565 navali
1886 1524 2090 1584 pugna
2115 1524 2258 1563 usus
2283 1517 2393 1575 est,
2421 1522 2618 1565 versus
2633 1505 2751 1580 My·

588 1588 754 1645 calen
780 1589 1151 1663 navigarunt.
1232 1586 1351 1643 Ubi
1390 1604 1529 1643 vero
1569 1602 1750 1661 prope
1787 1594 1978 1642 castra
2001 1586 2244 1642 fuerunt
2279 1587 2565 1651 bostium,
2591 1598 2754 1657 neque

586 1668 897 1743 quisquam
926 1666 1190 1741 adparuit
1216 1665 1318 1739 qui
1344 1664 1619 1721 adversus
1659 1666 1790 1720 illos
1835 1665 2233 1738 egrederetur,
2261 1678 2440 1721 naves
2479 1670 2661 1720 autem
2683 1662 2756 1717 vi-

584 1744 799 1805 derunt
826 1745 977 1800 intra
998 1760 1239 1800 murum
1264 1742 1605 1815 subductas,
1629 1750 1690 1798 et
1713 1742 2082 1815 frequentem
2105 1742 2436 1815 peditatum
2462 1740 2755 1799 secundum

582 1823 751 1881 littus
776 1822 835 1878 in
865 1824 987 1878 acie
1012 1829 1265 1878 stantem
1290 1845 1305 1890 ;
1348 1820 1433 1876 ibi
1461 1829 1604 1876 tunc
1629 1818 2043 1895 LeotychideS,
2071 1821 2353 1895 primum,
2383 1831 2592 1894 proeter
2613 1821 2756 1875 littus

586 1894 1053 1976 quamproxime
1080 1901 1273 1973 potuit
1317 1898 1632 1973 navigans,
1665 1900 1947 1973 praeconis
1985 1914 2128 1953 voce
2173 1899 2296 1955 hoec
2337 1899 2520 1957 verba
2545 1896 2756 1955 Ionibus

584 1980 972 2035 adclamavit:
1038 1985 1080 2010 ‘⁶
1113 1978 1235 2033 Viri
1261 1978 1457 2043 Iones,
1487 1983 1779 2050 quotquot
1817 1977 1956 2035 estis
1995 1977 2094 2050 qui
2135 1994 2236 2033 me
2273 1978 2513 2043 auditis,
2545 1974 2757 2050 accipite

587 2058 633 2089 θ’
665 2074 795 2131 quae
822 2056 987 2111 dico!
1034 2056 1273 2111 omnino
1302 2056 1456 2110 enim
1489 2072 1606 2111 non
1623 2055 1952 2131 intelligent
1982 2054 2171 2111 Persae
2197 2071 2332 2129 quae
2357 2054 2528 2112 vobis
2550 2053 2758 2111 mando.

586 2138 633 2214 ξ’
662 2132 917 2195 Quando
944 2133 1015 2188 ad
1045 2148 1258 2189 manus
1296 2134 1636 2189 venerimus
1673 2149 1811 2189 cum
1857 2134 2044 2209 hoste,
2073 2142 2202 2190 tum
2237 2135 2493 2209 quisque
2527 2140 2758 2190 vestrum

586 2216 633 2245 ‘⁸'
657 2220 792 2269 ante
820 2212 1021 2268 omnia
1044 2210 1329 2267 libertatis
1368 2218 1697 2277 memento,
1725 2210 1938 2268 deinde
1963 2226 2102 2267 vero
2125 2218 2360 2268 tesserae
2389 2212 2593 2270 Hebae.
2665 2208 2758 2266 Sed

586 2296 635 2354 ‘.‘
666 2304 745 2357 et,
776 2292 873 2365 qui
914 2306 1121 2345 vocem
1163 2306 1357 2345 meam
1398 2306 1522 2345 non
1563 2287 1911 2357 exaudierit,
1939 2299 2261 2363 cognoscat
2285 2292 2416 2347 hae‘c
2453 2308 2528 2349 ex
2567 2290 2653 2346 his
2673 2286 2760 2361 qui

584 2372 629 2401 “
658 2368 1040 2425 audiverint.''
1122 2363 1307 2437 Cujus
1334 2367 1620 2424 sermonis
1649 2366 1802 2423 idem
1835 2366 2146 2425 consilium
2185 2366 2302 2425 fuit
2341 2368 2504 2442 quod
2541 2364 2760 2426 Themi·

585 2446 783 2505 stoclis
812 2447 887 2503 ad
913 2444 1308 2502 Artemisium.
1390 2444 1646 2511 Scilicet,
1678 2445 1726 2500 si
1753 2444 1956 2503 Persas
1995 2446 2243 2503 laterent
2265 2446 2452 2516 dicta,
2479 2460 2759 2523 persuasu·

583 2542 719 2582 rum
746 2542 807 2581 se
834 2526 1088 2599 speravit
1112 2524 1359 2580 Ionibus
1384 2532 1455 2580 ut
1479 2524 1796 2603 deficiant3
1837 2526 1960 2580 sive
1985 2522 2090 2581 illa
2116 2524 2189 2581 ad
2221 2525 2516 2584 Barbaros
2537 2525 2762 2583 fuissent

584 2602 798 2670 delata,
826 2603 1119 2659 facturum
1146 2610 1217 2657 ut
1244 2601 1306 2657 hi
1334 2602 1556 2659 Graecis
1588 2601 1884 2676 (ionibus)
1917 2602 2259 2661 diffiderent.

665 2684 760 2738 99.
804 2678 1049 2747 Deinde,
1082 2687 1395 2753 postquam
1442 2682 1526 2737 ita
1571 2677 1750 2737 Ionas
1797 2681 2066 2737 hortatus
2091 2681 2490 2757 Leotychides
2527 2689 2633 2749 est,
2659 2678 2760 2737 haec

582 2760 855 2815 fecerunt
896 2758 1101 2814 Graeci.
1180 2757 1457 2832 Adpulsis
1501 2757 1573 2814 ad
1614 2758 1784 2815 littus
1825 2758 2068 2815 navibus
2107 2763 2518 2829 exsec-aderunt,
2572 2762 2761 2817 aciem·

582 2854 699 2912 que
726 2837 1142 2893 instruxerunt.
1223 2836 1413 2892 Persae
1459 2853 1621 2903 vero,
1661 2854 1848 2911 quum
1883 2837 2124 2895 Graecos
2161 2849 2474 2897 cernerent
2511 2840 2583 2895 ad
2625 2850 2760 2912 pug-

582 2914 851 2973 nandum
879 2922 1129 2988 paratos„
1158 2914 1491 2989 scirentque
1535 2915 1796 2971 hortatos
1840 2932 1941 2971 eos
1991 2932 2120 2973 esse
2160 2916 2379 2988 lonas3
2427 2934 2534 2975 nec
2577 2912 2762 2973 Samiis

583 3009 693 3051 nec
718 2993 967 3050 Milesiis
996 2994 1132 3048 satis
1160 2990 1439 3049 fidebant.
1519 2992 1603 3048 Et
1632 2993 1843 3049 Samiis
1883 2994 2143 3066 quidem,
2181 2996 2340 3069 quod
2381 3013 2484 3052 eos
2527 2995 2760 3069 suspica·-

580 3078 789 3129 rentur
824 3088 960 3127 cum
992 3070 1212 3127 Graecis
1254 3072 1491 3137 sentire,
1515 3087 1682 3127 arma
1714 3072 2004 3129 adimunt.
2081 3073 2268 3130 Samii
2307 3075 2490 3143 enim,
2515 3090 2688 3148 quum
2711 3068 2764 3127 in

580 3150 765 3206 classe
803 3150 1195 3205 Barbarorum
1238 3148 1607 3205 advenissent
1635 3150 2014 3207 Athenienses
2053 3152 2294 3225 captivi,
2328 3168 2480 3226 quos
2508 3154 2568 3209 in
2595 3152 2763 3209 Attica

576 3228 816 3303 relictos
840 3235 1067 3301 ceperat
1090 3226 1301 3282 Xerxis
1338 3227 1788 3294 exercitus,-hos
1829 3243 2035 3285 omnes
2078 3230 2268 3304 pretio
2311 3231 2692 3295 redemerant,
2713 3240 2764 3283 et

579 3305 718 3362 dato
744 3306 957 3361 viatico
983 3304 1241 3361 Athenas
1268 3306 1646 3361 remiserant:
1692 3322 1814 3381 quo
1831 3308 2026 3381 magis
2051 3308 2159 3363 hos
2179 3309 2436 3384 suspicio
2460 3308 2762 3384 premebat,

576 3392 646 3440 ut
692 3384 791 3457 qui
830 3384 1159 3457 quingenta
1207 3384 1401 3456 capita
1452 3382 1712 3441 hostium
1765 3383 1979 3441 Xerxis
2033 3384 2376 3445 liberassent
2425 3388 2767 3463 captivitate.

576 3458 845 3521 Milesios
872 3479 1011 3518 vero
1028 3456 1329 3531 jusserunt
1370 3464 1562 3519 exitus
1611 3463 1837 3519 viarum
1857 3464 2176 3521 ‘custodire
2225 3466 2300 3522 ad
2339 3464 2596 3540 Mycalae
2618 3475 2764 3523 eacu-

578 3541 741 3598 mina
766 3536 1106 3607 ferentium,
1136 3546 1203 3596 ut
1229 3540 1331 3614 qui
1374 3542 1675 3617 regionem
1721 3541 1946 3615 optime
1993 3550 2273 3601 nossent2
2321 3544 2380 3600 id
2419 3552 2626 3601 autem
2668 3545 2764 3600 hoe

579 3618 825 3675 consilio
852 3619 1144 3684 fecerunt,
1170 3626 1241 3674 ut
1266 3618 1357 3675 illi
1379 3629 1548 3675 extra
1574 3626 1764 3676 castra
1789 3626 2002 3677 essent.
2074 3621 2162 3677 Ab
2185 3622 2280 3678 his
2303 3622 2494 3699 igitur
2521 3621 2760 3685 Ionibus,

577 3714 725 3771 quos
754 3696 1224 3772 suspicabantur,
1254 3698 1311 3752 si·
1346 3704 1696 3769 potestatem
1735 3698 2230 3767 nanciscerentur,
2259 3718 2352 3757 res
2391 3710 2586 3759 novas
2607 3699 2761 3758 moli·

575 3780 764 3841 turos,
788 3776 903 3832 hoc
929 3775 1108 3831 modo
1137 3774 1249 3831 sibi
1273 3774 1466 3833 Persae
1491 3782 1934 3849 praeeaverunt:
1990 3778 2102 3855 ipsi
2129 3796 2270 3836 vero
2293 3787 2485 3837 crates
2509 3791 2762 3854 compor-

574 3852 801 3922 tarunt,
830 3868 961 3927 quae
988 3852 1102 3909 sibi
1126 3868 1233 3925 pro
1257 3854 1429 3910 vallo*
1445 3862 1661 3913 essent.
2032 3886 2038 3890 -
2443 3860 2450 3865 ‘

660 3937 792 3988 100.
833 3932 970 3988 Jam
1010 3932 1223 4001 Graeci,
1252 3930 1534 3989 instructa
1571 3930 1716 4000 acie,
1763 3932 1932 3991 ibant
1971 3932 2036 3990 in
2075 3934 2330 4005 hostem,
2359 3950 2547 4013 quum
2583 3936 2762 3995 subito

572 4008 736 4069 fama
760 4010 1025 4083 quaedam
1065 4008 1391 4085 pervolavit
1426 4012 1774 4069 universum
1813 4013 2164 4082 exercitum,
2190 4023 2255 4072 et
2299 4017 2589 4073 caduceus
2631 4030 2759 4072 con·

574 4095 808 4161 spectus
834 4086 1012 4145 estin
1034 4088 1209 4145 litore
1237 4086 1557 4161 depositus.
1629 4090 1924 4149 currebat
1963 4098 2164 4151 autem
2201 4093 2369 4151 fama
2405 4089 2760 4164 huiusmodi,

578 4162 797 4223 ‘Graecos
821 4168 881 4253 in
906 4166 1121 4226 Boeotia
1147 4168 1441 4224 exercitum
1469 4162 1952 4243 Mardcniipraelio
1971 4186 2273 4245 superasse.
2313 4170 2550 4248 Nempe
2573 4168 2766 4231 multis

2857 3194 2859 3326 Ι

2853 3730 2856 3890 Ι

2851 4036 2853 4172 Ι

2849 4306 2851 4454 Ι
