2925 4992
968 268 975 275 ·
1038 272 1538 359 summan.
2275 272 2402 336 m

222 452 301 495 ue
324 424 682 511 manipulus,
710 434 832 495 sed
850 428 931 493 ibi
968 430 1291 505 manerent,
1322 427 1573 495 redii-ent
1612 436 1722 513 ipsi
1749 438 1948 513 eisque
1975 429 2394 495 succurrerent.

179 454 448 573 Z'ixdum
478 516 547 571 ad
595 515 729 573 illos
769 524 1109 592 pervenerat
1134 518 1650 590 Amompharetu8‚
1681 534 1868 590 quum
1911 519 2218 574 universus
2245 516 2393 572 Bar-

182 596 464 651 barorum
483 594 777 667 equitatus
793 596 876 650 eis
902 596 1175 651 instabat.
1216 590 1464 651 Etenim
1490 597 1712 668 equites
1740 614 1847 669 pro
1875 612 1982 651 suo
2006 604 2168 653 more
2189 595 2395 653 castris

182 668 529 729 Graecorum
576 674 997 746 adequitanteS,
1040 690 1225 746 quum
1276 688 1531 730 vacuum
1571 674 1851 730 vidissent
1901 676 2119 739 locum,
2149 692 2266 749 quo
2307 674 2394 729 ilri

180 751 581 827 superioribus
622 752 832 807 diebus
868 760 1171 817 steterant,
1198 752 1439 809 ulterius
1482 754 1766 831 continuo
1796 768 1986 845 ‘equos
2032 750 2391 829 adegerunt:

181 838 245 886 et
272 830 629 901 simulatque
658 830 893 885 Graecos
922 830 1176 885 adsecuti
1206 839 1366 897 sunt,
1393 832 1660 903 protinus
1685 822 1769 887 eis
1795 828 2152 887 institerunt.

262 912 361 963 58.
401 908 767 973 Mardonius,
798 916 867 964 ut
894 909 1127 964 Graecos
1156 916 1339 965 noctu
1375 910 1704 965 discessisse
1722 912 2048 997 cognovit,
2076 910 2394 984 locumque

178 1004 441 1043 vacuum
470 986 641 1051 vidit,
669 986 1021 1043 Larissaeum
1050 986 1379 1043 'lhoracem
1420 989 1659 1043 vocavit
1685 984 1932 1061 ejusque
1971 990 2178 1044 fratres
2203 989 2396 1063 Eury-

176 1067 389 1177 pylum
428 1073 486 1121 et
524 1064 971 1137 Thrasydeium‚
1002 1082 1219 1138 eosque
1256 1064 1345 1121 his
1386 1066 1580 1122 verbis
1621 1074 1709 1122 est
1747 1066 2095 1123 adlocutus:
2143 1073 2186 1100 “
2215 1067 2396 1124 Nun‘c

176 1144 401 1217 “quid
444 1160 617 1217 porro
658 1142 883 1209 diceti3‚
912 1144 1017 1199 filii
1058 1146 1276 1211 Aleuae,
1312 1147 1442 1200 loca
1484 1146 1839 1201 haec-vacua
1877 1140 2188 1202 videntes?
2232 1144 2392 1202 Nam

178 1230 225 1255 “
258 1240 390 1287 VOS,
418 1224 631 1277 horum
664 1221 970 1277 hominum
1012 1219 1267 1289 finitimi,
1296 1224 1574 1279 dicebatis
1612 1240 1728 1278 non
1773 1226 1982 1297 fugere
2009 1224 2390 1281 Lacedaemo·-

176 1308 223 1336 ‘·‘
254 1303 389 1357 nios
417 1318 490 1356 ex
533 1318 755 1375 pugna,
784 1300 885 1356 sed
928 1301 1131 1357 bellica
1172 1302 1385 1358 virtute
1424 1303 1732 1379 primarios
1773 1320 1898 1359 esse
1925 1304 2116 1360 viros.
2161 1320 2308 1375 quos
2335 1311 2396 1359 et

175 1378 222 1413 “
256 1381 439 1452 paulo
480 1388 616 1434 ante
656 1380 883 1436 vidistis
924 1379 1236 1435 stationem
1264 1381 1550 1443 deserere,
1581 1388 1640 1436 et
1681 1398 1842 1436 nunc
1884 1384 2084 1437 cuncti
2124 1382 2396 1437 videmus

178 1466 223 1491 “
254 1458 527 1533 proxima
553 1466 723 1513 nocte
764 1474 996 1549 prorsus
1025 1459 1375 1533 profugisse.
1453 1458 1705 1533 Nempe,
1734 1460 1840 1515 ubi
1878 1461 2000 1515 acie
2039 1461 2158 1515 illis
2197 1461 2396 1517 decer-

179 1544 227 1570 “
264 1536 529 1593 nendum
570 1536 683 1590 fuit
712 1552 845 1591 cum
872 1536 953 1591 eis
980 1538 1082 1610 qui
1108 1552 1315 1591 revera‘
1330 1536 1639 1593 fortissimi
1667 1546 1804 1593 sunt
1829 1538 2162 1605 hominum,
2189 1549 2394 1595 osten·-

178 1622 225 1649 “
257 1616 499 1679 derunt,
531 1632 614 1680 se,
646 1632 833 1687 quum
858 1615 977 1669 sint
1004 1615 1172 1670 nihili
1210 1616 1502 1683 homineS,
1533 1617 1686 1671 inter
1709 1617 1966 1685 Graecos,
1995 1620 2093 1691 qui
2135 1635 2244 1673 nec
2282 1618 2397 1691 ipsi

172 1694 436 1749 “ullius
484 1692 673 1767 frugis
722 1702 881 1758 sunt,
922 1694 1250 1750 eminuisse.
1329 1695 1412 1749 Ac
1462 1695 1632 1750 vobis
1683 1696 1945 1768 quidem,
1986 1697 2203 1769 quibus
2252 1696 2394 1751 Per·-

175 1780 220 1807 “
250 1790 452 1829 sarum
482 1772 667 1827 virtus
696 1772 896 1828 minus
933 1784 1231 1847 comperta
1256 1782 1365 1838 est,
1394 1772 1568 1829 facile
1607 1774 1838 1847 ignovi,
1867 1774 2245 1830 laudantibus
2286 1774 2394 1831 hos

176 1857 229 1885 ‘⁶'
258 1851 557 1915 homines„
600 1866 851 1923 quorum
896 1866 985 1905 res
1026 1851 1293 1924 quaedam
1342 1852 1493 1907 bene
1535 1862 1718 1925 gestae
1761 1852 1925 1907 vobis
1971 1849 2392 1911 innotuerunt·

176 1937 227 1963 “
259 1928 362 1985 sed
408 1937 573 2005 tanto
613 1930 803 2004 magis
834 1928 1190 1987 Artabazum
1233 1930 1479 1986 miratus
1519 1946 1672 1995 sum,
1698 1926 2178 1988 Lacedaemonios
2218 1933 2398 2005 perti·

179 2014 233 2043 ‘⁸‘
262 1998 648 2073 mescentem,
676 2018 735 2063 et
764 2008 975 2063 timore
1000 2009 1377 2081 perculsum'
1360 2010 1806 2083 ignavissimam
1835 2009 2126 2066 dicentem
2152 2018 2393 2067 senten-

177 2093 227 2121 “
258 2088 429 2151 tiam,
460 2086 748 2141 movenda
782 2086 948 2141 nobis
983 2104 1109 2143 esse
1134 2096 1341 2154 castra,
1369 2094 1427 2142 et
1452 2088 1512 2144 in
1539 2087 1955 2144 Thebanorum
1997 2089 2201 2145 urbem
2231 2108 2392 2145 sece-

178 2172 227 2199 “
258 2164 540 2230 dendum,
572 2182 785 2239 nempe
816 2166 898 2221 ibi
924 2166 1295 2222 obsidendis:
1342 2182 1520 2238 quam
1563 2168 1917 2220 sententiam
1959 2169 2135 2221 etiam
2164 2166 2296 2222 Rex
2323 2184 2395 2222 ex

177 2251 229 2279 “
260 2262 358 2300 me
387 2252 716 2317 cognoscet.
799 2244 909 2299 Sed
952 2243 1024 2298 de
1066 2246 1157 2299 his
1203 2245 1437 2316 quidem
1482 2242 1622 2297 alias
1667 2242 1980 2298 disserendi
2031 2242 2198 2301 locus
2237 2245 2384 2301 erit:

178 2330 231 2357 “
259 2340 421 2379 nunc
448 2338 587 2377 vero
616 2322 753 2386 illis,
782 2330 851 2377 ut
879 2338 983 2377 nos
1011 2322 1316 2395 effugiant,
1349 2340 1463 2377 non
1489 2328 1576 2376 est
1601 2320 2060 2394 permittendum
2082 2346 2096 2390 3
2132 2322 2230 2377 sed
2260 2337 2394 2395 per-

178 2409 235 2435 “
263 2402 429 2473 sequi
468 2418 569 2457 eos
616 2408 864 2473 oportet,
895 2402 1078 2455 donec
1114 2401 1457 2474 deprehensi
1501 2417 1700 2473 poenas
1750 2400 1916 2458 nobis
1958 2400 2220 2457 dederint
2261 2418 2392 2457 om·-

181 2487 233 2515 “
264 2476 434 2537 nium
464 2496 595 2552 quae
621 2480 897 2535 adversus
925 2476 1121 2535 Persas
1149 2483 1504 2553 patrarunt.’'
1593 2488 1598 2492 ⁴

268 2564 365 2615 59.
409 2557 553 2613 Haee
582 2558 813 2613 locutus
833 2556 1202 2625 Mardonius,
1226 2555 1422 2613 Persas
1446 2560 1647 2631 Asopo·
1667 2564 1938 2631 superato
1964 2558 2178 2615 cursim
2201 2558 2391 2626 duxit,

178 2636 441 2711 vestigia
490 2644 727 2692 secutus
774 2636 1135 2704 Graecorum,
1182 2646 1482 2709 tamquam
1534 2632 1929 2711 fugientium:
1987 2638 2154 2694 duxit
2185 2647 2396 2695 'autem

181 2715 467 2773 adversus
514 2716 669 2770 solos
696 2714 1172 2771 Lacedaemonios
1217 2723 1274 2771 et
1302 2717 1627 2790 Tegeata33
1675 2732 1814 2770 nam
1857 2716 2262 2783 Athenienses,
2293 2734 2398 2791 per

180 2794 499 2869 planitiem
526 2801 749 2859 euntes,
781 2792 1149 2849 obstantibus
1186 2793 1355 2850 clivis
1395 2812 1516 2850 non
1547 2801 1945 2867 conspexerat.
2023 2795 2106 2850 Et
2145 2796 2400 2869 reliqua-

182 2891 327 2931 rum
369 2872 803 2927 barbaricarum
848 2872 1023 2927 duces
1068 2873 1393 2945 copiarum,
1426 2883 1492 2929 ut
1529 2872 1732 2928 Persas
1771 2866 2042 2927 viderunt
2081 2872 2150 2927 ad
2199 2888 2397 2945 perses-

180 2950 451 3026 quendos
496 2951 729 3006 Graecos
771 2966 1053 3043 egressos,
1096 2951 1367 3024 protinus
1407 2960 1463 3005 et
1512 2951 1624 3025 ipsi
1663 2966 1868 3005 omnes
1915 2950 2160 3006 sublatis
2208 2952 2394 3025 signin

183 3030 403 3103 rap'tim
431 3030 613 3085 'secuti
650 3036 811 3093 sunt,
842 3036 905 3082 ut
942 3030 1159 3102 quique
1198 3030 1447 3101 pedibus
1487 3029 1782 3093 valebant,
1815 3028 1978 3083 nullo
2017 3029 2244 3095 ordine,
2271 3046 2394 3087 non

184 3110 483 3165 instructa
508 3110 645 3163 acie.
725 3104 817 3161 Ita
842 3107 1025 3181 igitur
1064 3108 1125 3163 hi
1151 3124 1287 3163 cum
1321 3108 1576 3165 clamore
1603 3117 1661 3162 et
1687 3108 1951 3167 tumultu
1989 3108 2393 3175 adcurrerunt,

186 3196 493 3259 tamquam
528 3183 717 3259 primo
745 3186 969 3257 impetu
994 3186 1231 3241 Graecos
1261 3186 1608 3261 oppressuri.

270 3268 371 3321 60.
416 3264 753 3328 Pausanias,
784 3280 965 3335 quum
1012 3265 1255 3319 instaret
1286 3267 1600 3339 equitatuS,
1629 3266 1885 3336 equitem
1916 3264 1988 3319 ad
2013 3265 2396 3322 Athenienses

184 3340 375 3409 misit,
418 3342 520 3416 qui
566 3342 749 3415 ipsius
796 3342 987 3397 verbis
1042 3344 1165 3399 baec
1214 3344 1329 3400 illis
1377 3344 1630 3399 diceret:
1676 3350 1716 3375 “
1749 3344 1922 3399 Cives
1968 3342 2390 3401 Athenienses!

188 3429 235 3456 “
264 3434 454 3495 quum·
488 3422 815 3479 maximum
860 3422 1033 3476 nobis
1073 3424 1433 3494 propositum
1465 3424 1542 3477 sit
1567 3428 1880 3486 certamen,
1911 3438 2026 3495 quo
2069 3423 2127 3477 id
2175 3424 2395 3498 agitur,

188 3508 237 3534 “
270 3501 561 3556 libera-ne
614 3502 846 3556 mane-at
890 3499 1134 3564 Graecia‚
1180 3519 1255 3555 an
1307 3502 1650 3556 servitutem
1701 3500 1777 3555 sit
1828 3500 2134 3567 servitura,
2181 3501 2398 3573 proditi

184 3585 236 3611 ‘⁴'
262 3587 469 3635 sumus
494 3586 616 3633 tam
644 3573 747 3633 'nos
778 3578 1223 3643 Lacedaemonii,
1244 3590 1427 3651 quam
1448 3596 1554 3635 vos
1584 3574 1985 3645 Athenienses,
2015 3598 2052 3634 a
2078 3580 2272 3646 sociiS,
2293 3580 2417 3653 qui·
2464 3594 2473 3605 ·

186 3664 230 3689 “
260 3658 530 3731 proxima
556 3666 723 3711 nocte
766 3656 910 3733 fuga
932 3674 993 3710 se
1033 3657 1463 3735 proripuerunt.
1543 3654 1719 3712 Nune
1757 3656 1940 3731 igitur
1979 3658 2275 3712 decretum
2303 3666 2406 3713 est·

184 3743 230 3769 “
260 3734 403 3809 quid
440 3736 517 3791 sit
544 3736 713 3791 nobis
744 3728 1116 3791 faciendum.
1161 3751 1373 3809 nempe
1407 3752 1676 3811 pugnare
1705 3743 1938 3809 oportet
1969 3752 2149 3809 quam
2193 3734 2393 3792 fortis-
2423 3732 2440 3743 ”

188 3821 236 3849 “
266 3816 418 3874 sime
444 3829 776 3887 possumus,
805 3820 865 3868 et
892 3820 1102 3869 mutuo
1130 3816 1301 3869 nobis
1332 3832 1684 3870 succurrere.
1765 3814 1958 3889 Igitur
1983 3815 2033 3869 si
2057 3812 2116 3869 in
2143 3830 2250 3867 vos
2278 3815 2400 3889 pri..

189 3898 233 3929 “
263 3906 396 3950 mos
424 3892 687 3948 irruisset
712 3893 1024 3965 equitatu5‚
1054 3901 1347 3971 oporteret
1387 3910 1496 3947 nos
1527 3900 1586 3947 et
1611 3893 1922 3973 Tegeatae,
1947 3892 2048 3967 qui
2089 3892 2394 3950 nobiscum
2469 3914 2474 3920 ·

184 3978 233 4005 “
264 3980 405 4027 sunt
432 3987 625 4043 neque
652 3970 955 4025 Graeciam
986 3963 1385 4063 prodiderunt,
1414 3966 1586 4026 vobis
1611 3986 1965 4027 succurrere.
2043 3970 2224 4027 Nunc
2256 3988 2414 4027 vero

180 4058 229 4085 “
260 4066 452 4125 quum
492 4050 553 4105 in
595 4065 705 4111 nos
728 4049 1039 4103 universus
1074 4051 1327 4125 ingruit,
1358 4061 1596 4123 aequum
1640 4048 1728 4106 e'st
1755 4058 1828 4109 ut
1848 4068 1950 4106 vos
1990 4054 2392 4115 laborantibus

178 4136 225 4166 “
251 4128 517 4189 maxime
542 4124 809 4203 partibus
838 4128 1123 4185 exercitus
1149 4129 1445 4205 suppetias
1471 4130 1742 4187 veniatis.
1819 4131 1922 4187 Sin
1951 4148 2058 4190 vos
2083 4136 2194 4211 ipsi
2217 4148 2398 4197 oecu-
