2925 4992
602 314 723 372 202
1160 298 1662 373 ussnonon
1729 292 2091 371 ms‘ron.
2145 308 2222 365 V.

594 468 755 531 nasis
778 468 987 536 aum,
1008 466 1263 527 Cilicum
1288 468 1468 546 regis,-
1469 458 1553 527 in
1575 463 1958 527 matrimonio
1981 465 2254 525 hahebat:
2313 462 2508 538 Huius
2526 464 2654 525 viri
2643 484 2755 525 sen-

592 549 787 607 tentia
826 552 953 607 bne
990 555 1137 612 erat.
1174 548 1544 605 Maeandrum
1585 544 1982 608 transmittere
2021 546 2234 603 debere
2273 546 2470 613 Cares,
2497 552 2658 623 atque
2687 546 2756 602 ita

590 628 867 703 prelium
894 627 1265 685 committere
1288 635 1359 683 ut
1390 626 1637 683 fluvium
1667 642 1704 681 a
1725 632 1896 699 tergo
1929 625 2251 717 haben-qm
2292 641 2374 681 ne
2393 622 2616 683 scilieet
2625 631 2755 681 retro

594 706 809 782 fugere
840 713 1092 780 possent,
1122 705 1223 761 sed
1256 704 1333 761 ibi
1374 710 1614 761 manere
1645 706 1856 770 macti,
1875 703 2152 761 fortiores
2191 718 2318 759 sese
2343 720 2538 777 quam
2557 720 2760 779 prosus

598 795 813 843 natura
846 790 1207 859 praestarent.
1287 782 1365 839 At
1390 784 1516 839 hoec
1543 797 1666 839 non
1690 782 1834 837 vicit
1857 782 2183 839 sententia.
2228 782 2328 839 sed
2355 782 2540 840 Persis
2565 780 2757 839 malue-

534 898 539 903 -
596 873 741 921 runt
764 879 805 921 a
838 872 1009 938 tergo
1036 878 1159 920 esse
1186 860 1577 926 Mandrum,
1607 876 1783 935 quam
1809 861 1956 932 sibi3
2001 860 2246 925 scilieet,
2276 867 2344 917 ut
2373 860 2481 928 illi,
2509 861 2557 916 si
2591 860 2758 934 praelio
2864 838 2867 855 ¹

598 942 856 1017 superati
888 942 949 999 in
971 941 1179 1018 fugam
1205 947 1595 1006 verterentur,
1621 948 1924 1015 receptum
1963 956 2086 997 non
2125 938 2427 1006 haberent,
2452 939 2553 997 sed
2591 940 2647 995 in
2670 938 2760 994 flu·

598 1022 767 1078 vium
792 1020 1133 1077 inciderent.

684 1103 816 1156 119.
856 1098 1115 1165 Deinde,
1144 1097 1248 1155 ubi
1290 1097 1610 1155 adfuerunt
1651 1097 1862 1163 Persae,
1895 1096 2380 1173 Mundrumque
2419 1092 2758 1168 trajecerunt,

588 1178 685 1235 ibi
708 1185 850 1235 tune
888 1179 963 1234 ad
988 1178 1289 1251 Marsyam
1326 1174 1580 1235 fluvium
1621 1192 1758 1234 eum
1799 1177 1918 1233 illis
1955 1178 2260 1253 congressi
2299 1184 2468 1234 sunt
2487 1177 2681 1233 Cares.
2715 1181 2762 1230 et
2867 1238 2869 1241 Α

598 1256 719 1315 aeri
744 1252 1063 1313 commisso
1102 1256 1324 1329 proelio,
1354 1262 1670 1330 postquam
1697 1255 1798 1311 diu
1837 1255 2070 1312 fortiter
2109 1263 2483 1331 pugnarunt,
2509 1256 2577 1310 ad
2605 1260 2762 1310 extre·

596 1347 769 1394 mum
807 1335 1070 1393 hostium
1108 1334 1490 1391 multitudine
1525 1341 1666 1393 sunt
1701 1335 1982 1409 superati.
2063 1334 2368 1391 Persarum
2415 1334 2488 1390 ad
2524 1334 2610 1390 bis
2629 1330 2762 1389 mille

596 1413 953 1480 oeciderunt,
982 1414 1205 1471 omn
1242 1428 1383 1470 vero
1416 1412 1492 1469 ad
1527 1412 1718 1469 decies
1743 1412 1927 1469 mille.
2003 1412 2127 1475 Qui
2161 1430 2237 1470 ex
2275 1412 2514 1470 illorum
2557 1426 2761 1469 numero

598 1490 827 1551 cladem
852 1484 1205 1568 effugerunt,
1227 1491 1291 1547 hri
1316 1492 1391 1548 ad
1412 1490 1734 1548 labi-anda
1751 1491 1814 1547 in
1841 1492 2108 1566 amplum
2127 1498 2520 1567 sanctumque
2543 1490 2762 1565 platane-

599 1578 733 1629 tum
770 1569 911 1628 Jovi
938 1570 1155 1629 Sti-atio
1192 1578 1484 1627 sacratum
1511 1576 1652 1627 sunt
1669 1570 1982 1641 compulsi.
2061 1568 2182 1627 Soli
2221 1576 2445 1637 antem,
2473 1568 2656 1644 quoad
2677 1584 2763 1623 nos

572 1662 578 1669 '
602 1651 901 1717 novimus,
920 1651 1097 1707 Cares
1124 1657 1286 1716 sunt,-
1310 1650 1412 1725 qui
1436 1648 1576 1705 Jovi
1593 1648 1812 1705 Str-atio
1837 1648 2112 1723 [Militari
2135 1648 2354 1707 Latine
2367 1647 2610 1721 diceres]
2635 1663 2764 1703 sacra

598 1729 831 1787 faciant.
912 1726 1007 1785 Ibi
1044 1728 1411 1802 conglobati,
1438 1727 1516 1785 de
1547 1726 1738 1784 salute
1775 1726 2192 1793 deliberarunt,
2221 1736 2426 1787 utrum
2459 1726 2636 1784 Persis
2667 1742 2764 1787 sees

599 1807 834 1874 dedere,
862 1826 937 1864 an
962 1807 1163 1865 Asiam
1192 1822 1431 1881 prorsus
1456 1806 1790 1881 relinquere
1811 1807 1994 1863 satius
2017 1807 2126 1865 sibi
2153 1814 2326 1865 esset.

684 1889 815 1943 12⁰.
854 1886 1021 1943 Dum
1064 1885 1189 1943 baee
1222 1884 1568 1951 deliberant,
1596 1884 1814 1941 auxilio
1841 1885 1926 1941 eis
1963 1885 2283 1943 adveniunt
2307 1885 2530 1943 Milesii
2565 1902 2764 1943 eorum·

543 2029 550 2037 ,
602 1982 717 2039 que
756 1964 916 2021 socii.
993 1962 1155 2020 Tum
1194 1980 1354 2029 vero,
1383 1964 1566 2021 missa
1601 1963 1782 2037 priori
1819 1963 2260 2027 deliberatione,
2287 1965 2362 2023 ad
2403 1965 2766 2039 redintegran-

600 2046 747 2101 dum
777 2042 1001 2099 bellum
1028 2057 1155 2097 sese
1176 2052 1613 2115 eompararunt.
1653 2041 2078 2100 Invadentibus
2095 2042 2286 2099 Persis
2307 2042 2508 2101 denuo
2537 2045 2596 2101 in
2615 2043 2766 2099 aciem

592 2129 951 2179 occurrunt:
974 2120 1119 2184 -sed,
1149 2119 1351 2193 praelio
1376 2120 1714 2185 commisso,
1743 2115 2029 2189 majorem
2069 2117 2248 2180 etiam
2281 2138 2463 2196 quam
2489 2129 2652 2179 antea
2673 2120 2766 2177 cla-

600 2200 739 2257 dem
776 2206 1145 2273 aeceperunt.
1224 2198 1501 2257 Cecidere
1538 2198 1802 2273 plerique
1839 2213 2085 2269 omnes3
2129 2199 2230 2257 sed
2271 2198 2638 2263 Milesiorum
2671 2214 2768 2273 pre

604 2277 813 2337 ceteris
840 2278 1095 2335 maxima
1120 2285 1346 2354 strages
1372 2278 1532 2334 faeta
1553 2286 1664 2335 est.

687 2360 817 2415 121.
856 2358 1069 2414 Postea
1106 2372 1248 2413 vero
1289 2357 1524 2413 vulnus.
1547 2357 1658 2413 hoc
1709 2365 2054 2429 repararunt
2095 2366 2571 2435 sanaveruntque
2609 2358 2769 2415 Care.

580 2436 921 2513 *Postquam
950 2436 1109 2493 enim
1134 2442 1548 2513 cognoverunt
1573 2436 1844 2510 progredi
1862 2435 2088 2501 Persas,
2107 2436 2322 2511 oppida
2348 2454 2460 2493 sua
2485 2439 2768 2499 invasuros,

602 2517 667 2573 in
697 2516 795 2571 via
818 2514 891 2571 ad
920 2514 1208 2571 Pedasum
1248 2514 1610 2571 collocarunt
1651 2513 1886 2570 insidias
1908 2540 1925 2586 3
1973 2516 2036 2571 in
2069 2532 2217 2589 quas
2258 2525 2447 2574 noctu
2487 2515 2768 2573 insidentes

602 2594 817 2659 Persae,
844 2592 1137 2649 interfecti
1162 2602 1301 2649 sunt
1326 2599 1387 2649 et
1426 2592 1540 2666 ipsi
1565 2599 1626 2647 et
1651 2608 1856 2649 eorum
1879 2594 2080 2660 duces,
2107 2592 2392 2651 Daurises
2433 2603 2498 2651 et
2521 2594 2768 2666 Amorgo

600 2680 665 2729 et
692 2671 1035 2729 Sisimaees·
1080 2687 1217 2729 eum
1246 2670 1479 2744 illisque
1503 2670 1676 2745 periit
1700 2671 1878 2729 etiam
1903 2672 2163 2747 Myrsus,
2190 2673 2378 2747 Gygis
2405 2673 2576 2731 filius.
2651 2669 2769 2727 lusi-

464 2812 479 2825 ,
601 2750 833 2807 diarum
858 2749 1096 2805 illarum
1116 2749 1238 2805 dux
1263 2748 1455 2824 fuerat
1473 2748 1841 2816 Heraclides,
1859 2748 2184 2809 Ibanolitlis
2211 2750 2390 2819 filius,
2407 2748 2771 2851 Mylassensis.

604 2828 703 2887 lta
728 2829 915 2903 igitur
938 2827 1133 2885 Persae
1154 2828 1239 2885 illi
1268 2828 1588 2901 perierunt.

622 2922 631 2927 ·
686 2911 819 2965 129..
862 2905 1127 2981 Hymeas
1148 2924 1312 2978 vero,
1342 2907 1494 2963 alter
1517 2924 1592 2963 ex
1616 2905 1710 2963 his
1733 2908 1840 2981 qui
1867 2907 2046 2965 Ionas
2079 2926 2182 2966 eos
2223 2917 2562 2983 persecutus
2587 2914 2668 2971 eet
2689 2905 2769 2980 qui

604 2994 814 3044 eontra
829 2982 1035 3043 Sardes
1056 2986 1479 3051 militaverant,
1497 2984 1570 3041 ad
1593 2984 2008 3059 Propontidem
2025 3004 2363 3055 conversus,
2378 2990 2530 3045 Cion
2554 2988 2770 3061 Mysiam

600 3065 774 3140 cepit.
852 3064 989 3125 Qua
1014 3072 1373 3141 expugnata,
1400 3063 1508 3120 ubi
1545 3065 1826 3139 cognovit
1851 3066 2144 3123 Daurisen
2183 3067 2388 3123 relicto
2417 3067 2768 3139 Hellesponto

600 3160 807 3203 versus
832 3144 1069 3201 Cariam
1106 3160 1271 3201 arma
1306 3152 1674 3217 promovere,
1703 3143 1828 3216 ipse
1865 3145 2222 3218 Propontide
2259 3146 2466 3203 relicta
2505 3147 2562 3203 in
2597 3143 2769 3203 Helle·

601 3231 883 3297 spontum
920 3222 1088 3277 duxit
1127 3223 1487 3279 exereitum:
1531 3228 1592 3277 et
1627 3220 1938 3281 AEolenses
1978 3224 2216 3299 subegit
2257 3242 2488 3291 omnes,
2517 3225 2770 3299 quotquot

600 3300 849 3359 Iliadem
893 3299 1159 3357 habitant
1194 3310 1433 3367 terram,
1462 3306 1524 3355 et
1549 3299 1868 3375 Gergithas
1905 3302 2162 3377 subegit,
2191 3302 2520 3376 priscorum
2543 3303 2769 3359 T-eucro

602 3396 737 3438 rum
764 3379 1056 3471 reliquias.
1093 3379 1210 3435 At
1194 3396 1319 3453 ipse
1348 3380 1630 3454 Hymeas,
1653 3380 1798 3436 dum
1823 3380 1930 3439 hos
1958 3382 2208 3456 populos
2235 3378 2484 3458 subigit,
2509 3382 2570 3439 in
2593 3377 2768 3437 morbo

600 3453 853 3517 moritur
880 3458 937 3513 in
964 3457 1211 3513 Troade.

680 3539 817 3593 123.
858 3535 937 3591 Et
959 3536 1050 3593 hie
1072 3536 1315 3609 quidem
1341 3538 1427 3594 illi
1452 3538 1586 3595 finis
1615 3536 1771 3595 fuit:
1805 3537 2150 3613 Artapherni
2177 3558 2335 3606 vero,
2355 3540 2618 3600 Sardium
2643 3551 2765 3610 prae-

599 3616 781 3681 ἔσοιο,
810 3622 873 3670 et
897 3616 1095 3680 Otani,
1126 3617 1297 3673 tertio
1326 3618 1461 3675 duci
1493 3617 1820 3681 Persarum,
1839 3618 2186 3677 mandatum
2215 3628 2340 3675 erat
2368 3619 2586 3676 bellurn
2615 3613 2767 3670 loniae

600 3704 661 3753 et
688 3694 959 3750 finitimae
988 3692 1199 3749 AEolidi
1226 3712 1260 3750 a
1286 3697 1620 3753 continente
1642 3694 2033 3755 inferendum.
2113 3699 2307 3774 Atque
2335 3697 2397 3756 hi
2421 3698 2768 3795 Clazomenas

588 3773 785 3831 Ioniae
812 3782 1111 3845 ceperunt,
1140 3780 1201 3829 et
1226 3771 1453 3848 Cymen
1479 3773 1752 3831 AEolidis.
2874 3826 2876 3839 ,

685 3848 951 3909 124.1ta
973 3852 1119 3909 dum
1148 3852 1465 3924 capiuntur
1491 3849 1730 3928 oppida,
1748 3853 2113 3931 Aristagoras
2127 3854 2398 3913 Milesius
2423 3855 2548 3911 boee
2573 3851 2768 3909 videns,
2874 3854 2876 3857 ’

599 3931 781 3987 homo
822 3946 1033 4004 parum
1082 3932 1199 3985 aeri
1244 3937 1338 4003 (ut
1376 3932 1647 4004 adparet)
1687 3932 1952 4007 ingenio,
1985 3935 2088 4007 qui
2133 3934 2364 3991 Ioniam
2413 3932 2768 3989 concitaverat
2875 3980 2877 3991 .

600 4026 961 4084 magnasque
987 4010 1303 4065 miscuerat
1330 4008 1551 4075 turbas,
1581 4009 1794 4086 fugam
1832 4012 2118 4090 agitabat,
2145 4013 2286 4069 satis
2325 4008 2544 4101 quippe
2579 4004 2768 4065 intelli-
2875 4004 2877 4037 ³

600 4106 745 4163 gens
768 4087 1028 4161 superari
1057 4083 1305 4147 Darium
1333 4104 1534 4161 regem
1565 4106 1684 4147 non
1727 4106 1914 4177 posse·
1999 4083 2140 4149 Ηοὲ
2171 4088 2442 4156 oonsilio,
2467 4083 2766 4147 convocatis

600 4184 840 4223 suarum
910 4167 1164 4241 partium
1231 4166 1590 4235 hominibus„
1645 4164 2124 4227 deliberationem
2194 4169 2520 4246 proposuit,
2573 4166 2766 4222 dicens,
