2925 4992
476 270 483 278 ·
556 328 671 383 19⁴
1110 318 1608 383 HERODOTI
1659 316 2037 381 HlsToR.
2097 320 2204 381 IV.

550 488 763 550 tantes,
790 486 1145 557 mortuoque
1180 480 1387 539 eadem
1426 480 1672 555 adponit
1709 496 1846 555 quae
1881 479 2128 537 ceter-is.
2207 478 2320 537 Per
2355 478 2756 559 quadraginta

550 561 675 618 dies
726 562 810 617 ita
856 558 1373 617 circumvehuntur
1420 559 1659 633 privati,
1711 559 1924 615 deinde
1975 558 2344 633 sepeliuntur.
2423 560 2756 635 Postquam

550 646 854 697 mortuum
900 640 1295 713 sepeliverunt
1332 636 1582 713 Scythoe,
1625 638 1738 693 hoc
1781 636 1962 693 modo
2007 638 2347 695 lustrantur.
2425 639 2758 714 Postquam

552 725 731 792 caput
776 726 1103 792 smegmate
1142 724 1455 783 cei-serunt,
1493 724 1556 773 et
1599 716 1872 790 gnaviter
1910 716 2204 780 lavarunt,
2249 718 2480 789 corpori
2523 718 2760 778 faciunt

550 798 769 854 hoccee
826 796 939 851 tria
975 797 1143 871 lig-oa
1182 802 1482 861 statuunt:
1513 810 1716 851 versus
1757 812 1822 851 se
1865 794 2115 851 invicem
2159 795 2484 866 inclinata;
2527 800 2760 867 circum

552 876 683 932 haec
718 875 919 932 laneos
960 874 1145 949 pileos
1174 874 1578 947 pretendunt3
1621 888 1768 945 quos
1807 872 1910 929 uhi
1955 890 2136 947 quam
2177 874 2468 947 artissime
2509 876 2674 933 inter
2695 894 2760 934 se

541 948 886 1025 junxerunt,
912 953 973 1007 in
1000 949 1368 1027 suppositum
1394 950 1456 1007 in
1483 951 1678 1009 medio
1699 951 1998 1027 lignorum
2019 951 2426 1026 pileorumquc
2447 953 2758 1013 alveolum

550 1032 781 1105 lapides
806 1026 1129 1101 conjiciunt
1152 1032 1293 1105 igne
1317 1031 1651 1087 candentes.

629 1114 726 1174 74.
767 1110 1047 1166 Nascitur
1068 1118 1269 1166 autem
1292 1110 1355 1165 in
1390 1112 1498 1164 hnc
1521 1116 1674 1164 terra
1699 1107 1976 1172 manabis,
2003 1106 2134 1163 lino
2163 1108 2488 1177 simillima,
2511 1110 2570 1167 si
2591 1128 2758 1169 cras-

550 1188 745 1246 sitiem
775 1197 835 1243 et
860 1188 1325 1262 magnitudinem
1353 1188 1623 1260 excipias,
1653 1186 1864 1260 quibus
1889 1186 2108 1259 quippe
2133 1188 2410 1244 cannabis
2435 1190 2630 1265 longe
2651 1208 2758 1247 su·

549 1275 719 1343 perat
756 1267 969 1322 linum.
1048 1266 1131 1323 Et
1168 1275 1375 1340 sponte
1413 1268 1540 1322 hoec
1577 1264 1854 1330 nascitur,
1879 1273 1940 1321 et
1965 1272 2127 1320 sata:
2173 1282 2244 1321 ex
2271 1284 2456 1341 eaque
2489 1268 2758 1327 Thraces

550 1347 907 1402 vestimenta
930 1345 1107 1401 etiam
1138 1345 1475 1410 conficiunt,
1505 1340 1674 1399 lineis
1699 1343 2036 1413 simillima,
2067 1360 2216 1417 quae,
2243 1343 2356 1400 nisi
2381 1347 2516 1419 quis
2543 1348 2758 1405 admo-

550 1424 696 1481 dum
720 1424 797 1481 sit
820 1439 935 1480 usu
956 1424 1201 1498 peritus,
1228 1440 1346 1479 nou
1372 1421 1684 1499 dignoscat
1721 1438 1798 1477 ex
1831 1420 2060 1478 lino-ne
2085 1426 2228 1488 sint,
2255 1442 2330 1479 an
2357 1441 2430 1479 ex
2455 1426 2756 1498 cannabi5

552 1503 657 1577 qui
682 1520 827 1559 vero
850 1498 1145 1559 cannabin
1188 1518 1515 1578 numquam
1549 1501 1720 1568 vidit,
1743 1499 1970 1555 lineum
2003 1516 2133 1557 csse
2171 1502 2598 1561 vestimentum
2643 1522 2757 1579 pu·-

554 1578 725 1639 tabit.

634 1663 730 1717 ⁶75.
770 1660 970 1731 Hujus
984 1661 1172 1736 igitur
1190 1659 1449 1716 cannabis
1464 1676 1640 1715 semen
1665 1666 1912 1715 sumunt
1927 1654 2174 1732 Scythae,
2193 1666 2276 1726 et,
2303 1668 2624 1734 postquam
2649 1661 2764 1719 sub

550 1740 743 1815 pileos
764 1740 1097 1806 subierunt,
1136 1752 1339 1794 semen
1382 1738 1496 1793 hoc
1520 1737 1814 1812 lapidibus
1841 1736 1984 1810 igne
2009 1736 2394 1795 candentibus
2425 1736 2722 1809 injiciunt
2739 1756 2760 1795 z

554 1819 712 1894 quod
754 1819 897 1875 dum
938 1820 1022 1873 ita
1066 1817 1350 1881 adoletur,
1380 1834 1658 1891 vaporem
1705 1814 1986 1871 diffundit
2007 1822 2264 1881 tannim,
2299 1826 2368 1873 ut
2411 1818 2764 1877 Graecanica

550 1898 721 1955 nulla
746 1914 870 1952 asso
908 1897 1189 1952 desudatio
1214 1912 1356 1951 eum
1379 1903 1648 1968 superet:
1693 1902 1752 1947 et
1775 1892 2024 1966 Scythae,
2049 1892 2322 1952 delectati
2360 1896 2468 1953 hac
2505 1897 2763 1955 desuda·

550 1976 741 2042 tione,
784 1976 1076 2031 ululatum
1116 1973 1372 2029 tollunt:
1418 1984 1622 2046 estque
1661 1971 1774 2027 hoc
1813 1971 1958 2031 illis.
1977 1972 2172 2027 balnei
2216 1974 2370 2039 loco,
2415 1992 2564 2032 nam
2604 1991 2764 2049 aqua

550 2055 803 2111 omnino
826 2070 945 2109 non
969 2054 1177 2111 lavant
1200 2068 1428 2126 corpus.
1448 2060 1463 2075 ⁶
1508 2051 1792 2107 Mulieres
1819 2068 1958 2113 vcro
1979 2067 2184 2107 eorum
2209 2052 2274 2107 in
2303 2070 2512 2126 aspero
2541 2053 2762 2126 lapide,

548 2131 762 2189 'adfusa
804 2148 979 2206 aqua,
1026 2140 1339 2188 conterunt
1382 2131 1534 2205 ligni
1579 2129 1766 2185 frusta
1807 2129 2086 2205 cypressi,
2130 2131 2308 2196 cedri,
2354 2140 2420 2189 et
2453 2132 2764 2191 thurifera

551 2210 777 2269 arboris
803 2234 815 2267 ι
862 2211 1069 2267 deinde
1120 2210 1233 2265 isto
1276 2207 1510 2275 detrito,
1557 2207 1712 2281 quod
1761 2224 2022 2264 crassum
2071 2216 2186 2273 est,
2227 2210 2507 2267 oblinunt
2561 2202 2764 2269 &oium

550 2306 767 2363 corpus
792 2298 970 2363 atque
996 2289 1225 2346 faciem.
1304 2285 1371 2343 Id
1420 2289 1506 2344 eis
1549 2285 1730 2343 simul
1757 2302 1996 2343 suavem
2023 2288 2298 2344 conciliat
2339 2289 2592 2345 odorem
2609 2312 2632 2361 ς
2677 2292 2760 2349 οἱ.

550 2370 814 2443 mulque,
860 2377 1169 2443 postquam
1210 2366 1490 2443 postridie
1529 2365 1903 2423 abstulerunt
1947 2364 2062 2419 hoc
2101 2366 2482 2441 cataplasma,
2521 2370 2766 2427 mundae

552 2456 689 2505 sunt
716 2455 776 2505 et
804 2448 1018 2503 nitidae.

480 2594 485 2597 ¹
632 2530 729 2584 ⁷6.
769 2526 1215 2601 Peregrinarum
1242 2524 1650 2580 institutorum
1673 2540 1850 2579 usum
1885 2524 2064 2583 etiam
2092 2525 2155 2580 hi
2177 2524 2564 2581 vehementer
2589 2544 2764 2585 aner·

552 2613 775 2671 santur,
794 2622 867 2660 ne
888 2606 1036 2660 inter
1055 2622 1117 2660 se
1136 2604 1293 2676 ipsos
1314 2602 1552 2677 quidem
1570 2601 1720 2658 alter
1733 2600 2034 2675 Scythicus
2053 2604 2306 2677 populus
2325 2604 2570 2660 alterius
2593 2607 2766 2679 sequi

548 2684 819 2740 instituta
845 2683 1117 2749 sustinet,
1136 2681 1235 2738 sed
1252 2682 1508 2738 maxime
1535 2698 1572 2736 a
1597 2680 1938 2738 Graecorum
1963 2683 2174 2739 ritibus
2195 2682 2512 2737 abhorrent
2535 2706 2554 2753 ς
2599 2685 2764 2757 quod

548 2764 615 2818 in
637 2760 1054 2826 Anacharside,
1078 2767 1139 2816 et
1160 2760 1367 2815 deinde
1392 2761 1600 2815 iterum
1645 2760 1704 2814 in
1731 2760 1920 2835 Scyla,
1945 2761 2352 2817 ostenderunt.
2409 2762 2766 2819 Anacharsis

550 2842 738 2908 enim,
786 2847 1097 2914 postquam
1138 2838 1357 2895 multas
1403 2846 1766 2912 spectaverat
1787 2846 1989 2906 terras,
2013 2849 2076 2895 et
2099 2840 2288 2895 multa
2322 2838 2408 2894 ibi
2449 2841 2766 2912 sapientise

546 2920 818 2977 ‘ediderat
842 2918 1185 2993 specimina,
1212 2914 1560 2992 Scytharum
1587 2916 1660 2972 ad
1689 2916 1852 2973 sedes
1879 2934 2232 2983 reversurus,
2263 2934 2366 2989 per
2396 2918 2762 2993 Hellespon·

546 3006 683 3055 'tum
712 2999 1024 3073 navigans,
1051 2996 1123 3052 ad
1154 2996 1435 3071 Cyzicum
1477 2994 1722 3068 adpulit.
1803 2993 1896 3051 Ibi
1921 3013 2106 3070 quum
2133 2996 2454 3071 Cyzicenos
2477 2996 2766 3055 offendis-

544 3084 641 3134 set
664 3076 844 3133 Matri
872 3079 1113 3133 deorum
1140 3076 1357 3130 festum
1382 3074 1742 3130 celebrantes
1767 3090 1908 3131 sana
1933 3092 2111 3149 quam
2135 3074 2550 3149 magnificum,
2573 3075 2764 3133 Matri

548 3162 760 3212 votum
782 3156 924 3211 fecit
949 3153 1315 3217 Anacharsis,
1342 3155 1391 3208 si
1414 3153 1598 3207 salvus
1620 3170 1898 3225 sospesque
1937 3155 2156 3209 donnum
2196 3154 2458 3229 rediisset,
2482 3172 2550 3209 se
2567 3156 2761 3213 eodem

546 3235 729 3300 modo,
758 3252 865 3306 qao
890 3252 929 3288 a
958 3234 1233 3306 Cyzicenis
1250 3232 1387 3305 fieri
1422 3232 1657 3297 vidisset,
1685 3248 1844 3286 sacra
1881 3234 1932 3287 ei
1954 3231 2266 3300 facturum,
2293 3233 2762 3307 per-vigiliumque

544 3314 946 3368 instituturum.
1026 3311 1180 3366 Tum
1232 3318 1540 3384 postquam
1587 3309 1648 3365 in
1703 3309 2054 3384 Scythicam·
2087 3319 2302 3367 terram
2347 3313 2644 3383 peruenit,
2693 3314 2760 3369 in

548 3389 763 3466 Hylaea
786 3406 848 3446 se
875 3389 1116 3455 abdens,
1144 3404 1277 3463 quae
1300 3395 1391 3444 est
1418 3388 1582 3463 regio
1607 3404 1788 3462 prope
1813 3388 2054 3445 Achillis
2093 3390 2364 3454 dromon,
2392 3397 2606 3463 estque
2633 3398 2764 3449 tota

548 3468 855 3525 arboribus
883 3469 1027 3523 varii
1063 3468 1293 3542 generis
1336 3466 1552 3523 referta
1570 3490 1588 3536 ς
1632 3466 1694 3521 in
1725 3468 1836 3522 hac
1873 3484 1936 3525 se
1975 3466 2198 3523 abdens
2225 3468 2596 3534 Anacharsis,
2623 3488 2760 3527 om-

546 3564 684 3605 nem
715 3547 850 3603 festi
876 3545 1270 3603 caerimoniam
1298 3546 1425 3601 dete
1458 3544 1734 3609 absolvitg
1757 3558 2043 3619 tympano
2079 3546 2256 3602 etiam
2297 3554 2496 3612 utens,
2521 3554 2586 3603 et
2607 3548 2764 3605 ima-

546 3627 713 3702 gines
742 3635 981 3701 gestans
1008 3642 1083 3681 ex
1117 3632 1347 3699 pectore
1372 3640 1698 3698 suspensas.
1779 3626 1930 3685 Quae
1967 3632 2248 3701 agentem
2285 3625 2762 3685 animadvertens

544 3705 785 3781 quidam
816 3705 1051 3779 Scytha,
1083 3704 1209 3779 regi
1248 3704 1451 3759 Saulio
1491 3720 1617 3759 rem
1657 3701 1976 3759 indicavit:
2019 3710 2080 3759 et
2117 3703 2236 3769 ille,
2267 3704 2586 3761 arivenieos
2611 3706 2763 3780 ipse,

542 3784 907 3842 Anacharsin
956 3782 1081 3839 hoec
1126 3792 1401 3857 agentem
1448 3780 1681 3846 videns,
1709 3798 1954 3838 excussa
2001 3782 2222 3856 sagitta
2266 3781 2586 3839 interfecit.
2613 3822 2622 3829 -
2681 3785 2766 3841 Et

541 3878 718 3928 nunc,
741 3863 789 3918 si
816 3862 946 3937 quis
970 3861 1177 3935 quaerit
1196 3862 1271 3916 de
1291 3859 1708 3924 Anacharside,
1731 3861 1899 3916 aiunt-
1919 3858 2170 3935 Scythae,
2191 3877 2248 3915 se
2270 3860 2426 3915 illum
2447 3878 2556 3917 mm
2583 3880 2759 3929 ποκα,

540 3949 851 4017 propterea
896 3940 1051 4015 quod
1100 3940 1160 3994 in
1206 3939 1498 3995 Graeciam
1539 3938 1966 4011 peregrinatus,
2007 3946 2068 3995 et
2111 3938 2434 4013 peregrinis
2477 3957 2626 3997 usus
2646 3948 2760 3998 est

540 4018 872 4077 institutiss
925 4014 1009 4076 Ut
1051 4032 1193 4073 vero
1236 4017 1509 4091 equidem
1549 4032 1624 4072 cx
1655 4016 1878 4073 Timna
1915 4018 2140 4084 audivi,
2167 4025 2362 4073 tutore
2409 4014 2559 4091 [sive
2601 4036 2758 4093 prae·

540 4096 725 4169 fecto]
756 4097 1096 4171 Ariapithis,
1120 4092 1237 4152 fuit
1264 4096 1608 4152 Anacharsis
1647 4102 1894 4168 patruus
1927 4094 2289 4169 Idanthyrsi,
2317 4094 2477 4169 regis
2501 4096 2758 4173 Scytha-

538 4192 699 4247 rum,
730 4176 889 4235 filius
916 4182 1115 4235 autem
1132 4174 1357 4245 Gauri,
1385 4186 1570 4250 nepos
1599 4171 1768 4249 Lyci,
1793 4188 2088 4251 pronepos
2127 4174 2558 4251 Spargapiffiis.
2619 4176 2760 4240 Qui
