2925 4992
1161 341 1454 400 cLlo.
2338 347 2409 401 51

185 499 438 559 deorum
459 495 570 556 ulli
595 493 817 565 litavit,
835 505 938 555 aut
963 517 1036 554 ex
1065 498 1362 556 frumento
1388 499 1549 556 illinc
1574 499 1769 556 adlato
1792 497 1983 558 libum
2010 497 2167 556 coxit
2190 525 2205 572 3
2240 499 2407 574 quid-

167 577 328 654 'quid
372 577 475 638 ilie
515 578 842 653 progenuit
857 591 1027 654 'ager
1057 579 1114 634 id
1150 577 1225 636 ab
1249 579 1527 636 omnibus
1552 577 1849 635 sacrificiis
1890 581 2095 654 procul
2134 580 2405 638 habitum

183 667 291 714 est.

163 743 172 750 ‘
265 741 403 793 161.
443 719 775 810 Postquam
827 717 1088 810 Pactyan
1136 735 1270 793 Chii
1327 735 1709 800 tradiderant,
1753 731 1911 792 bello
1962 737 2271 812 adgressus
2315 745 2407 796 est

177 807 458 872 Mazares
485 833 587 872 eos
615 813 721 888 qui
745 821 884 868 'cum
911 813 1015 871 illo
1037 813 1328 871 'fabulum
1363 819 1867 890 oppugnaverant.
1946 815 2028 871 Et
2060 817 2403 872 Prienenses

163 890 424 968 'quidem
454 895 719 950 devictos
755 892 865 946 sub
886 909 1112 948 corona
1137 893 1440 962 vendidit,
1485 893 1775 950 Maeandri
1804 911 1943 951 vero
1970 911 2245 968 eampum
2274 895 2401 952 uni-

173 991 424 1030 versum
465 975 797 1036 incursans,
833 971 1091 1046 itemque
1133 971 1539 1048 Magnesiam,
1574 973 1893 1029 exercitum
1942 974 2136 1048 praeda
2174 974 2403 1032 ditavit.

175 1051 294 1110 His
324 1067 532 1108 autem
563 1051 738 1106 rebus
763 1049 968 1126 gestis,
998 1051 1176 1125 paulo
1201 1057 1337 1125 post
1363 1050 1569 1106 morbo
1596 1052 1781 1106 vitam
1810 1051 1979 1108 finiit.

264 1135 401 1187 162.
443 1131 692 1188 Mortuo
721 1127 980 1194 Mazare,
1011 1129 1252 1186 advenit
1279 1130 1506 1204 imperii
1536 1132 1595 1186 in
1622 1130 1899 1186 inferiore
1930 1132 2069 1186 Asia
2108 1147 2405 1187 successor

173 1207 533 1285 HarpaguS,
565 1209 808 1264 natione
835 1208 1037 1263 itidem
1077 1207 1326 1280 Medus;
1373 1211 1422 1264 is
1447 1210 1547 1282 qui
1575 1227 1610 1264 a
1638 1226 1775 1284 rege
1800 1207 2115 1266 Medorum
2144 1214 2401 1286 Astyage

171 1289 413 1344 nefario
459 1287 640 1361 epulo
687 1294 812 1343 erat
851 1295 1151 1362 exceptus,
1207 1289 1422 1362 quique
1465 1287 1623 1362 Cyro
1666 1289 1727 1343 in
1776 1289 2171 1362 comparando
2216 1306 2400 1364 regno

175 1367 404 1423 sociam
445 1363 800 1442 praestiterat
841 1383 1099 1440 operam.
1191 1367 1314 1423 Hic
1345 1368 1436 1422 vir
1476 1375 1618 1424 tunc
1661 1385 1697 1422 a
1744 1367 1896 1440 Cyro
1934 1367 2055 1423 dux
2096 1369 2397 1441 copiarum

167 1447 546 1511 nominatuS,
573 1445 730 1501 utin
775 1443 1006 1499 Ioniam
1051 1445 1342 1517 per-venit,
1369 1445 1586 1520 oppida
1625 1445 1942 1537 aggeribus
1976 1442 2151 1518 jactis
2192 1463 2397 1520 capere

167 1525 474 1580 instituit·
458 1564 474 1579 .
525 1525 750 1580 scilicet
788 1523 1112 1597 oppidanos
1158 1525 1311 1580 intra
1349 1541 1555 1581 muros
1597 1525 1796 1580 statim
1839 1525 2149 1600 compulit,
2190 1525 2399 1580 deinde

173 1603 438 1678 adgestis
481 1603 553 1658 ad
596 1619 796 1658 muros
825 1601 1136 1678 aggeribus
1169 1620 1330 1677 oppu
1377 1603 1557 1659 navit.
1634 1601 1718 1659 Et
1744 1602 2001 1676 primum
2030 1602 2265 1678 quidem
2295 1603 2395 1659 lo-

169 1683 284 1736 niae
314 1681 634 1756 oppidum,
665 1679 820 1756 quod
847 1683 1158 1756 adgressus
1184 1689 1297 1748 est,
1331 1621 1691 1741 ghocaeafm

255 1765 392 1816 163.
434 1761 832 1816 Phocaeenses·
849 1756 910 1815 hi
951 1761 1286 1836 longinquis
1328 1759 1804 1835 navigationibus
1848 1759 2027 1833 primi
2048 1759 2395 1816 Graecorum

173 1841 265 1895 'usi
292 1847 500 1896 erant.
543 1847 604 1895 et
630 1834 989 1895 Adriaticum
1033 1855 1196 1895 mare
1239 1846 1298 1894 et
1339 1835 1729 1914 Tyrrheniam
1775 1847 1833 1894 et
1877 1837 2129 1894 Iberiam
2160 1845 2221 1894 et
2244 1837 2396 1895 Tar-

171 1927 402 1975 tessum
434 1918 658 1974 Graecis
703 1919 1103 1974 ostenderunt.
1181 1917 1567 1994 Navigabant
1613 1928 1814 1973 autem
1843 1935 1960 1974 non
1986 1913 2246 1982 rotundis
2278 1935 2397 1974 na-

173 1997 374 2063 vibus,
434 1997 534 2053 sed
589 1995 834 2072 (longis)
861 1997 1336 2090 ,Ρειιιεοοιιιειίε
1415 1998 1501 2052 Ac
1532 1995 1871 2056 'lartessum
1918 1995 2164 2092 quidem
2218 2004 2394 2070 post-

171 2091 351 2150 quam
403 2086 709 2143 venerunt,
761 2075 878 2131 cari
921 2075 1160 2131 fuerunt
1201 2077 1326 2152 regi
1372 2075 1831 2140 Tartessiorum,
1854 2069 1955 2130 cu'i
1984 2081 2123 2132 erat
2170 2093 2393 2132 nomen

172 2155 647 2248 Arganthonius,
691 2153 794 2228 qui
847 2155 1154 2230 octoginta
1195 2171 1268 2210 an
1279 2171 1382 2211 nos
1427 2153 1861 2209 Tartessiorum
1911 2171 2093 2246 regno
2133 2155 2393 2228 praefuit,

173 2235 320 2290 vixit
347 2243 554 2289 autem
575 2233 638 2287 in
669 2233 1014 2290 universum
1042 2250 1226 2291 annos
1261 2242 1503 2289 centum
1546 2239 1606 2286 et
1652 2232 1889 2308 viginti.
1970 2231 2133 2292 Huic
2158 2233 2285 2290 viro
2314 2235 2398 2298 ita

176 2313 292 2380 cari
339 2312 592 2368 fuerunt
633 2311 1035 2378 PhocaeenseS,
1079 2319 1144 2367 ut
1183 2315 1442 2386 primum
1487 2311 1725 2387 quidem
1770 2328 1870 2366 eos
1912 2311 2267 2378 hortaretur,
2294 2309 2395 2368 Io-

177 2393 338 2448 niam
386 2391 803 2464 relinquerent,
839 2401 898 2447 et
946 2408 1060 2465 qua
1107 2401 1272 2480 parte
1315 2409 1433 2448 suae
1476 2388 1718 2444 ditionis
1759 2389 2004 2456 vellent,
2060 2388 2392 2464 habitatum

175 2470 603 2526 concederent:
651 2469 808 2536 dein,
835 2477 906 2526 ut
932 2469 1044 2525 hoc
1071 2467 1153 2526 eis
1184 2487 1300 2527 non
1328 2467 1635 2545 persuasit,
1663 2486 1735 2524 ex
1756 2460 1973 2525 eisdem
2001 2485 2141 2524 vero
2170 2485 2391 2544 cogno·

173 2551 258 2606 vit
300 2550 378 2605 de
427 2549 742 2623 ingruente
789 2512 1106 2606 Medorum
1148 2550 1431 2624 potentia,
1462 2547 1776 2622 pecuniam
1804 2546 1923 2603 illis
1950 2547 2112 2604 dedit
2155 2565 2229 2602 ex
2262 2563 2393 2621 qua

171 2645 416 2685 murum
445 2627 581 2683 urbi
599 2628 1060 2698 circumdarent3
1093 2636 1152 2684 et
1178 2629 1421 2704 largiter
1446 2625 1685 2701 quidem
1714 2623 1907 2682 dedit:
1950 2643 2085 2682 nam
2112 2627 2391 2684 circuitus

169 2708 321 2763 muri
352 2707 512 2762 haud
535 2723 727 2780 pauca
767 2713 902 2762 sunt
929 2671 1133 2774 stad'ia,
1163 2715 1222 2764 et
1263 2715 1424 2763 totus
1462 2706 1559 2762 hic
1584 2721 1792 2761 murus
1819 2723 1889 2762 ex
1916 2707 2152 2781 magnis
2181 2703 2391 2804 lapidi-

169 2784 304 2852 bns,
337 2787 546 2860 eisque.
571 2785 725 2841 bene
753 2787 1058 2860 coaptatis,
1087 2792 1176 2842 est
1203 2792 1550 2844 exstructus,

253 2865 388 2921 164.
429 2863 566 2920 Tali
592 2865 780 2940 igitur
805 2866 986 2922 modo
1013 2866 1305 2938 perfectus
1326 2872 1450 2922 erat
1473 2863 1922 2920 Phocaeensium
1950 2881 2172 2920 murus.
2228 2862 2389 2922 Har-

169 2955 404 3054 pagusu
411 2961 553 2998 vero
596 2942 837 2998 admoto
878 2943 1138 2999 exercitu
1163 2943 1369 3000 urbem
1410 2943 1706 3010 obsidens,
1749 2942 2147 3000 conditionem
2173 2960 2387 3016 propo.-

173 3025 309 3090 suit,
385 3023 580 3078 ‘satis
635 3021 745 3078 sibi
786 3022 973 3088 fore,”
1027 3023 1248 3093 dicem,
1307 3023 1428 3076 “si
1451 3037 1639 3077 unum
1664 3020 1842 3076 modo
1870 3021 2387 3096 propugnaculum

195 3101 404 3158 ‘muri
459 3097 710 3171 dejicere
763 3099 1146 3158 Phocaeenses
1208 3100 1552 3170 voluissent,
1609 3107 1669 3155 et
1722 3117 1899 3156 unam
1959 3095 2388 3156 habitationem

171 3183 212 3210 “
251 3179 442 3256 [regi]
480 3179 796 3236 dedicare.n
839 3179 1218 3236 Phocaeeuses
1239 3196 1398 3248 vem,
1425 3179 1731 3254 aegerrime
1748 3177 1996 3234 ferentes
2017 3178 2385 3246 servitutem,

162 3259 210 3290 *‘
239 3275 435 3315 unum
461 3259 618 3315 diem
659 3275 722 3314 se
761 3257 1217 3316 deliberaturos”
1261 3259 1577 3325 aiebant,‘
1586 3263 1701 3312 ‘ac
1726 3256 1930 3318 deinde
1958 3271 2379 3330 responsuros:

165 3343 206 3369 “
235 3337 481 3394 interim
527 3355 667 3394 vero
711 3336 853 3393 dum
898 3338 1303 3406 deliberarent,
1307 3341 1344 3362 ’⁹
1387 3337 1765 3412 postulabant
1806 3345 1875 3392 ut
1918 3343 1957 3366 “
1987 3336 2307 3392 exercitum
2345 3353 2386 3392 >a

187 3423 411 3473 ‘muro
443 3415 812 3472 abduceret.”
896 3409 1129 3478 Quibus
1150 3415 1541 3492 Harpagus,
1549 3415 1773 3488 ‘probe
1793 3415 2031 3488 quidem
2058 3432 2120 3470 se
2144 3417 2357 3480 nosse,¹

164 3496 266 3562 ait,
315 3501 363 3528 “
391 3494 536 3572 quid
565 3503 754 3552 essent
779 3492 1030 3566 facturi3
1077 3503 1484 3552 verumtamen
1508 3501 1741 3566 ternpus
1780 3493 1896 3549 illis
1938 3493 2009 3549 ad
2054 3493 2382 3550 deliberan-

189 3575 386 3656 ‘dum
415 3574 781 3630 concedere”
864 3573 1060 3650 Igitur
1097 3575 1243 3630 dum
1291 3593 1326 3629 a
1373 3591 1548 3632 muro
1576 3572 1895 3628 exercitum
1938 3571 2178 3628 abducit
2220 3571 2377 3632 Har-

163 3671 384 3729 paguS,
414 3652 805 3710 Phocaeenses
832 3653 1066 3710 interim
1101 3653 1362 3710 deductis
1390 3649 1665 3712 actuariis
1705 3667 1849 3724 quas
1878 3651 2178 3706 habebant
2206 3650 2377 3710 navi-

158 3731 294 3799 bus,
326 3731 568 3796 liberos,
608 3740 670 3788 et
705 3749 940 3801 uxoreS,
968 3741 1028 3788 et
1063 3749 1192 3808 quae
1231 3733 1456 3788 moveri
1497 3737 1765 3804 poterant
1804 3731 2025 3794 omnia,
2060 3730 2143 3786 eis
2180 3727 2375 3805 impo-

163 3819 351 3882 nunt3
401 3811 476 3866 ad
525 3811 653 3868 haec
698 3811 1058 3900 imaginibus
1102 3829 1175 3868 ex
1220 3810 1465 3866 deorum
1508 3808 1765 3883 templis,
1808 3808 2047 3882 aliisque
2090 3807 2375 3872 donariis,

165 3897 561 3967 praeterquam
591 3887 872 3966 quidquid
902 3908 977 3947 zea
1008 3899 1112 3947 aut
1153 3889 1300 3964 lapis
1329 3897 1434 3945 aut
1459 3889 1691 3962 pictura
1716 3895 1887 3953 esset,
1918 3885 2154 3960 reliquis
2177 3883 2374 3946 onini-

164 3969 316 4026 bus’
298 3987 362 4025 ιιι
393 3987 574 4026 naves
601 3969 890 4044 inpositIS,
920 3970 1030 4043 ipsi
1056 3985 1152 4024 eas
1189 3968 1616 4032 conscendunt,
1644 3973 1704 4022 et
1733 3966 1949 4022 Chium
1976 3981 2179 4022 versus
2212 3964 2376 4037 navi·

167 4057 325 4123 gant.
409 4043 726 4106 Phocaeam
756 4052 953 4103 autem
983 4046 1326 4103 hominibus
1353 4063 1602 4102 vacuam
1632 4045 1821 4102 Persae
1848 4049 2182 4100 tenuerunt.

247 4129 381 4186 165.
425 4128 876 4184 Constitue-rant
905 4125 1281 4183 Phocaeenses
1307 4143 1342 4181 a
1362 4125 1526 4181 Chiis
1554 4123 1693 4180 dato
1718 4123 1906 4198 pretio
1923 4121 2221 4178 OEnussas
2240 4139 2372 4196 quae

169 4211 452 4265 vocantur
489 4205 718 4266 insulas
757 4221 969 4277 emere.
1051 4205 1161 4263 Sed
1189 4221 1376 4280 quum
1399 4202 1653 4277 vendere
1679 4219 1777 4260 eas
1817 4199 2037 4258 nollent
2064 4199 2233 4274 Chii,
2246 4217 2371 4258 me-

1217 4287 1326 4352 112
