2925 4992
444 290 566 347 314
609 250 620 259 ’
1020 284 1521 347 nunonon
1576 284 2119 349 fflsToR.v11.

457 462 652 505 coenas
666 453 938 521 pararent
957 447 1102 523 regi.
1142 444 1384 507 Athenis
1411 454 1589 521 atque
1614 447 2043 505 Lacedaemone
2058 443 2339 534 exceptis,
2366 444 2431 503 in
2461 462 2669 505 omna

458 524 603 583 alias
630 525 871 583 Graeciae
897 526 1088 601 partes
1119 526 1195 583 ad
1225 535 1442 583 terram
1470 545 1797 620 aquamque
1820 516 2229 600 postulandam
2258 520 2463 581 misit:
2510 522 2673 599 quod

457 605 696 681 quidem
737 604 850 663 hac
875 604 948 683 de
974 623 1180 663 caussa
1219 605 1432 663 iterum
1475 602 1639 673 fecit,
1668 604 1976 681 quoniam,
2004 605 2107 677 qui
2144 602 2303 677 prius
2345 605 2675 695 postulanti

457 702 580 741 non
607 683 908 750 dederant,
937 702 1037 741 eos
1063 701 1240 751 nunc,
1258 698 1426 741 metu
1449 684 1710 751 adactos,
1730 684 1937 757 utique
1966 683 2204 739 daturos
2230 684 2669 740 existimasset:

459 764 572 821 hoc
599 779 738 819 vero
765 762 957 836 ipsum
1005 773 1164 821 certo
1215 764 1579 839 cogniturus,
1626 764 1841 821 iterum
1883 762 2057 819 misit.
2136 760 2365 821 Deinde
2413 762 2488 818 ad
2538 762 2679 819 reli-

459 860 644 919 quum
669 838 782 897 iter
807 860 868 899 se
895 840 1280 917 comparavit,
1309 842 1581 916 Abydum
1609 844 1912 899 ducturus.

538 925 639 977 38.
679 920 948 987 Interim,
977 919 1194 993 quibus
1241 922 1553 997 negotium
1580 922 1785 979 datum
1829 937 1907 976 er
1906 929 1953 978 it
1980 927 2047 975 ut
2076 920 2485 995 Hellespontum
2508 927 2683 993 ponte

452 998 780 1075 jungerent
818 1018 890 1055 ex
919 1000 1056 1057 Asia
1092 1000 1156 1055 in
1191 998 1491 1073 Europam
1536 1003 1887 1074 pertinente,
1916 998 2280 1074 perfecerant
2313 1016 2482 1074 opus.
2566 1000 2683 1056 Est

461 1087 662 1137 autem
693 1076 1042 1135 Chersonesi
1068 1079 1140 1135 ad
1171 1076 1626 1153 Hellespontum
1674 1096 1779 1135 ora
1829 1079 1891 1134 in
1932 1095 2093 1135 mare
2118 1095 2430 1135 excurrens
2474 1095 2689 1151 aspera

461 1160 614 1215 inter
657 1156 890 1214 Sestum
946 1158 1156 1215 urbem
1205 1166 1265 1215 et
1314 1158 1649 1231 Madytum,
1694 1157 1899 1231 Abydo
1946 1156 2233 1212 obversa:
2273 1157 2376 1214 ubi
2434 1156 2679 1223 deinde,

462 1236 618 1295 haud
647 1236 730 1293 ita
755 1236 944 1293 multo
987 1243 1140 1309 post,
1163 1234 1505 1311 Xanthippo
1530 1236 1874 1311 Ariphronis
1911 1234 2034 1293 filio
2078 1246 2320 1309 praetore
2347 1236 2685 1293 Athenien-

463 1317 642 1381 sium,
672 1324 913 1390 captum
955 1315 1288 1389 Artayctem
1329 1312 1582 1386 Persam,
1615 1312 1763 1372 Sesti
1801 1314 2167 1388 praefectum,
2193 1316 2391 1371 vivum
2438 1315 2683 1389 paxillis

458 1395 677 1452 tabulae
720 1394 980 1451 adfixum
1022 1394 1490 1466 suspenderunt:
1551 1395 1653 1468 qui
1696 1396 1755 1451 in
1801 1394 2098 1468 templum
2137 1394 2314 1449 etiam
2360 1392 2683 1451 Protesilai

459 1474 655 1533 ductis
683 1473 1024 1529 mulieribus
1053 1472 1306 1529 nefanda
1333 1482 1662 1548 perpetrare
1688 1480 2085 1529 consueverat.

539 1556 638 1609 34.
680 1550 856 1609 Hanc
884 1551 1064 1627 igitur
1088 1550 1150 1607 in
1175 1569 1340 1609 oram
1381 1571 1454 1609 ex
1494 1552 1704 1629 Abydo
1724 1552 2049 1617 tendentes,
2076 1550 2293 1623 quibus
2319 1550 2689 1624 imperatum

462 1630 521 1689 id
549 1648 695 1706 opus
723 1641 868 1697 erat,
898 1633 1009 1685 duo
1043 1634 1231 1703 pontes
1269 1639 1641 1698 struxerunt3
1687 1632 1939 1687 alterum
1966 1630 2291 1695 PhoeniceS,
2323 1630 2685 1686 rudentibus
2722 1676 2729 1683 .

463 1730 538 1769 ex
563 1712 689 1767 lino
729 1710 864 1766 albo
905 1708 1222 1779 confecti53
1269 1710 1522 1767 alterum
1550 1710 1842 1801 AEgyptii,
1872 1728 1945 1765 ex
1970 1726 2209 1783 papyro.
2290 1706 2446 1763 Sunt
2472 1718 2687 1765 autem

465 1797 692 1864 septem
721 1788 911 1845 stadia
937 1806 1009 1845 ex
1034 1786 1242 1863 Abydo
1269 1790 1338 1845 ad
1365 1808 1529 1846 oram
1567 1789 1917 1863 oppositam.
1995 1788 2073 1843 At
2103 1790 2318 1857 ,iuncto
2358 1796 2540 1861 ponte
2579 1788 2689 1845 in-

461 1868 644 1927 cidit
627 1885 840 1943 lugens
867 1876 1200 1943 tempestas,
1231 1885 1361 1941 quae
1391 1869 1623 1925 rescidit
1651 1867 1855 1923 omnia
1882 1875 2059 1940 atque
2084 1866 2375 1924 dissolvit.

542 1953 639 2007 35.
678 1946 856 2007 Quod
893 1946 998 2002 ubi
1043 1946 1272 2003 Xerxes
1317 1948 1569 2012 rescivit,
1600 1943 1947 2023 gravissime
1998 1946 2211 2010 ferenS,
2239 1953 2495 2003 trecenta
2543 1964 2697 2003 ver-

463 2027 604 2084 bera
629 2024 879 2112 flagellis
906 2024 1100 2099 infligi
1119 2021 1296 2095 jussit
1327 2026 1743 2099 Hellespont0‚
1772 2034 1831 2080 et
1862 2024 2213 2097 compedum
2255 2043 2360 2098 par
2403 2025 2464 2081 in
2510 2026 2697 2099 pela-

461 2122 596 2198 gus·
605 2099 802 2175 injici:
845 2103 986 2177 quin
1019 2113 1077 2159 et
1103 2113 1495 2161 memoratum
1523 2103 1742 2169 audivi,
1772 2114 1982 2177 praeter
2019 2104 2143 2158 haec
2184 2102 2449 2159 homines
2495 2105 2699 2162 etiam

463 2180 692 2242 misisse
719 2200 881 2245 eum,
907 2179 1010 2257 qui
1036 2182 1320 2257 stigmata
1346 2184 1641 2239 inurerent
1664 2182 2068 2255 Hellesponto.
2149 2182 2467 2273 Imperavit
2494 2190 2702 2251 certe,

463 2272 531 2321 ut
559 2261 806 2337 flagellis
829 2262 1116 2317 eaedentes
1143 2261 1390 2318 barbara
1437 2262 1563 2319 haec
1609 2271 1669 2319 et
1710 2263 1917 2317 insana
1959 2261 2409 2335 pronunciarent
2454 2261 2695 2319 verba:

467 2340 597 2398 “0
604 2359 824 2429 ‘amara
849 2340 1038 2414 aqua!
1083 2340 1356 2397 dominus
1401 2340 1506 2397 tibi
1550 2342 1700 2397 hanc
1739 2358 1974 2415 poenam
2017 2338 2266 2425 infligit,
2302 2338 2455 2413 quod
2504 2341 2703 2400 illum

472 2414 756 2534 ‘injuria
795 2419 1084 2486 adfecisti,
1113 2417 1268 2475 nihil
1316 2421 1458 2476 mali
1502 2420 1578 2475 ab
1618 2420 1743 2493 ipso
1786 2437 1972 2493 pz.1ssa
2058 2418 2132 2474 Et
2162 2412 2403 2487 trajiciet
2448 2426 2505 2476 te
2552 2438 2703 2487 rex,

499 2500 670 2559 ‘sive
697 2498 968 2565 volueriS,
997 2499 1120 2555 sive
1161 2499 1432 2556 nolueris.
1514 2498 1731 2555 Merito
1773 2506 1971 2553 autem
2013 2515 2187 2553 nemo
2230 2498 2535 2554 hominum
2562 2496 2699 2557 tibi

500 2587 710 2635 ‘sacra
733 2577 894 2643 facit,
923 2578 1141 2651 quippe
1167 2577 1372 2634 doloso
1397 2578 1667 2653 salsoque
1696 2574 1942 2633 flumini.
1946 2580 1978 2601 '’
2063 2573 2253 2632 Simul
2278 2594 2413 2633 vero
2440 2584 2501 2632 et
2526 2580 2709 2636 mari

469 2657 576 2715 has
603 2673 799 2731 poenas
819 2650 1001 2725 jussit
1027 2654 1241 2729 infligi,
1267 2658 1563 2731 simulque
1607 2657 1798 2731 capita
1837 2656 2127 2731 amputari
2150 2672 2376 2723 eorum,
2407 2656 2505 2729 qui
2535 2652 2709 2727 jun·

470 2736 671 2815 gendo
698 2732 934 2791 flumini
957 2734 1193 2791 fuerant
1219 2736 1501 2821 praefecti.

547 2818 647 2873 36.
684 2812 766 2869 Et
794 2815 917 2869 haec
951 2813 1194 2887 quidem
1231 2808 1402 2883 jussa
1444 2814 1702 2871 exsecuti
1732 2821 1873 2871 sunt
1919 2831 2171 2888 quorum
2213 2814 2378 2871 triste
2423 2813 2534 2870 hoc
2564 2816 2709 2875 fuit

471 2894 750 2952 officium.
831 2892 1046 2949 Pontes
1095 2901 1292 2949 autem
1347 2894 1559 2949 deinde
1594 2888 1920 2963 junxerunt
1968 2894 2069 2949 alii
2110 2893 2425 2961 architecti,
2448 2904 2512 2961 et
2564 2896 2705 2955 hoc

471 2972 710 3048 quidem
733 2971 914 3033 modo
933 2966 1282 3041 junxerunt.
1366 2972 1689 3047 Colligatas
1718 2974 2005 3029 actuarias
2032 2972 2456 3047 quinquaginta
2482 2992 2704 3031 remo-

473 3070 605 3109 rum
633 3068 806 3109 naves
840 3060 896 3105 et
924 3050 1186 3107 triremes
1211 3058 1566 3119 statuerunt,
1593 3050 1703 3106 sub
1743 3068 1814 3109 eo
1854 3059 2029 3125 ponte
2069 3052 2169 3124 qui
2207 3050 2465 3108 Pontum
2493 3052 2703 3111 Euxi-

471 3150 618 3189 num
649 3128 974 3205 spectabat,
1005 3146 1254 3187 numero
1282 3138 1567 3187 trecentas
1593 3138 1651 3185 et
1681 3130 2002 3205 sexaginta,
2029 3129 2138 3186 sub
2158 3130 2340 3186 altero
2370 3149 2507 3186 vero
2536 3148 2703 3205 qua-

470 3208 798 3269 tuordecim
823 3216 881 3263 et
908 3215 1226 3279 trecentas,
1212 3233 1224 3245 ·
1274 3218 1539 3284 respectu
1584 3208 1758 3267 Ponti
1809 3209 2047 3283 quidem
2098 3210 2237 3284 [sive
2276 3208 2359 3264 ad'
2390 3206 2704 3281 trajicien-

473 3290 614 3349 dum
642 3284 908 3362 quidem]
941 3285 1182 3361 obliqua
1209 3250 1376 3344 ’linea
1416 3294 1661 3355 stantes»,
1694 3296 1851 3344 recta
1892 3306 2033 3343 xero
2075 3288 2398 3345 secundum
2444 3288 2699 3349 Helles-

470 3368 637 3444 ponti
665 3382 918 3430 cursum,
953 3371 1017 3421 ut
1044 3364 1169 3440 ipse
1194 3383 1395 3423 cursus
1422 3367 1812 3424 intentionem
1842 3368 2150 3423 sustineret
2178 3367 2531 3425 rudentium.
2592 3370 2703 3429 Ex

472 3446 724 3505 navibus
771 3444 854 3501 ita
881 3438 1108 3514 junctis
1131 3445 1456 3521 praelongas
1504 3445 1867 3503 demiserunt
1896 3463 2179 3517 ancoras·
2224 3447 2286 3502 in
2330 3464 2399 3503 eo
2440 3446 2697 3521 quidem

472 3532 678 3601 ponte,
707 3522 807 3596 qui
831 3519 1096 3580 Pontum
1130 3524 1456 3617 spectabat,
1485 3534 1799 3581 ventorum
1845 3542 2053 3581 caussa
2101 3542 2173 3581 ex
2220 3526 2495 3581 interiore
2534 3528 2701 3585 mari

475 3604 786 3673 flantium,
833 3598 894 3657 in
941 3602 1126 3659 altero
1169 3620 1322 3679 vem,
1351 3604 1453 3677 qui
1496 3604 1567 3659 ad
1609 3620 1911 3679 vesperam
1950 3620 2153 3683 versus
2196 3602 2477 3678 AEgaeum
2520 3624 2695 3665 mare

477 3691 624 3751 erat,
651 3682 778 3739 euri
805 3687 980 3755 atq-ue
1022 3680 1147 3739 noti
1197 3699 1416 3741 caussa.
1495 3682 1655 3739 Inter
1696 3676 2003 3739 actuarias
2024 3698 2202 3739 naves
2245 3692 2445 3740 autem
2480 3684 2697 3761 [atque

475 3758 769 3837 triremes]
807 3760 1012 3823 tribus
1049 3761 1111 3815 in
1161 3760 1305 3817 locis
1333 3761 1649 3819 fenestram
1698 3762 2127 3835 transitumque
2173 3761 2578 3836 reliquerunt;
2628 3777 2699 3821 ut

477 3844 540 3900 in
595 3836 877 3905 Pontum,
930 3839 1032 3912 qui
1073 3838 1276 3906 vellet,
1305 3841 1631 3897 minoribus
1670 3840 1920 3915 navigiis
1964 3840 2183 3896 intrare
2232 3849 2451 3913 posset,
2499 3851 2561 3899 et
2614 3862 2695 3901 ex

475 3920 671 3977 Ponto
717 3917 782 3974 in
831 3934 992 3974 mare
1034 3918 1288 3975 exterius
1317 3920 1610 3994 navigare.
1692 3918 1805 3975 His
1837 3920 2026 3984 tactis,
2061 3920 2440 3977 intenderunt
2470 3922 2691 3979 ruden-

474 4010 587 4066 teS,
615 3993 826 4073 ligneis
853 3995 1071 4053 suculis
1112 4014 1185 4053 ex
1225 3998 1561 4059 continente
1602 4016 1699 4055 eos
1740 4007 2117 4073 torquentes:
2164 4004 2268 4055 nec
2284 3992 2415 4069 jam
2440 4002 2695 4059 seorsim

476 4080 594 4135 duo
621 4075 1011 4133 adhibuerunt
1038 4073 1356 4133 rudentum
1394 4094 1640 4153 genera,
1667 4077 1765 4133 sed
1808 4078 2045 4151 utrique
2070 4080 2242 4151 ponti
2269 4078 2437 4137 binos
2464 4096 2540 4135 ex
2564 4080 2695 4137 lino

476 4154 634 4225 albo,
683 4160 998 4231 quaternos
1051 4172 1187 4211 vero
1232 4172 1305 4212 ex
1358 4172 1578 4233 papyro
1631 4157 1902 4214 rudentes
1954 4156 2303 4215 tribuerunt.
2380 4156 2693 4217 Crassities
