2925 4992
536 342 618 396 34
1135 331 1639 392 annonem
1694 307 2069 394 ms‘ron.
2124 335 2173 393 1.

541 487 796 552 fuissent
821 507 934 549 con
945 491 1091 550 fusa.
1171 436 1341 548 Idem
1378 491 1481 548 hic
1504 499 1593 549 est
1614 492 1716 566 qui
1744 507 1883 548 cum
1907 491 2091 567 Lydis
2130 490 2357 550 bellum
2398 491 2603 568 gessit,
2630 507 2758 570 quo

544 580 812 646 tempore
836 572 894 628 in
920 573 1048 647 ipsa
1072 587 1279 646 pugna
1305 570 1427 626 dies
1454 571 1517 626 in
1547 580 1785 628 noctem
1806 579 1896 628 cst
1920 587 2237 628 conversus
2260 595 2275 642 ς
2320 573 2541 647 quique
2564 579 2761 631 totam

545 669 724 725 supra
754 647 950 726 Halyn
991 649 1239 706 fluvium
1265 650 1463 706 Asiam
1492 650 1603 705 sibi
1642 645 1969 719 subjectam
2000 649 2211 707 tenuit.
2290 650 2453 708 Tum
2492 651 2761 726 undique

547 731 860 787 contractis
883 731 1101 805 copiis,
1115 743 1517 804 quascumque
1552 729 1663 785 sub
1702 735 1991 803 potestate
2030 746 2135 785 sua
2172 729 2448 797 habebat,
2475 731 2761 788 adversus

545 810 774 866 Ninum
799 825 964 864 arma
999 808 1310 873 convertit,
1339 817 1568 882 patrem
1612 809 1861 874 ulturus,
1889 817 1951 864 et
1978 808 2183 864 urbem
2227 808 2377 866 hanc
2416 811 2763 868 exscindere

545 888 806 962 cupienS.
885 888 982 954 At,
1023 888 1310 961 superatis
1354 886 1555 960 praelio
1599 888 1866 962 AssyriiS,
1908 887 2052 944 dum
2092 887 2319 943 Ninum
2358 887 2761 957 circumsedit,

547 967 775 1042 ingruit
800 967 1076 1042 adversus
1103 983 1239 1022 enm
1281 966 1494 1040 ingens
1524 966 1873 1041 Scytharum
1913 967 2229 1032 exercitus,
2256 967 2405 1022 duce
2445 985 2583 1042 rege
2610 969 2757 1042 Scy·

546 1047 784 1101 that-um
828 1045 1066 1120 Madye,
1097 1045 1434 1119 Protothyae
1479 1045 1637 1102 filio:
1685 1045 1785 1120 qui
1828 1045 1889 1100 in
1930 1045 2130 1101 Asiam
2174 1042 2528 1118 irruperant,
2568 1063 2761 1119 quum

548 1125 897 1180 Cimmerios
939 1143 1009 1181 ex
1059 1125 1291 1195 Europa
1333 1119 1679 1193 ejecissent3
1724 1141 1870 1198 quos
1912 1123 2057 1180 dum
2098 1123 2399 1199 fugientes
2442 1143 2759 1200 perseque-

546 1202 787 1269 bantur,
815 1204 899 1258 ita
924 1201 985 1260 in
1015 1203 1310 1260 Medicam
1337 1204 1554 1258 terram
1585 1210 1995 1276 pervenerunt.

632 1283 763 1337 104.
803 1281 916 1338 Est
940 1289 1137 1338 autem
1164 1301 1199 1337 n
1224 1281 1505 1338 Maeotide
1546 1281 1757 1353 palude
1772 1282 1857 1337 ad
1896 1281 2115 1338 Phasin
2154 1281 2375 1338 flumen
2406 1289 2581 1356 atque
2611 1282 2759 1340 Col-

547 1361 692 1417 chos
728 1361 1002 1433 expedito
1028 1361 1236 1416 viatori
1280 1361 1390 1415 iter
1430 1360 1677 1434 triginta
1703 1357 1961 1416 dierum:
2006 1379 2039 1415 e
2064 1361 2299 1418 Colchis
2340 1377 2480 1417 vero
2524 1363 2767 1421 nonita

545 1439 738 1514 longo
761 1439 968 1496 itinere
997 1439 1283 1513 perveniri
1325 1446 1527 1512 potest·
1549 1439 1611 1494 in
1640 1439 1925 1506 Mediam,
1956 1439 2055 1496 sed
2082 1457 2236 1496 unus
2261 1440 2549 1500 duntaxat
2572 1441 2763 1500 inter-

538 1513 736 1590 §ectus
769 1526 856 1574 est
896 1518 1172 1592 populus,
1203 1518 1502 1591 Suspires3
1550 1535 1695 1592 quos
1734 1518 1841 1574 ubi
1884 1519 2207 1586 transieris,
2234 1519 2517 1575 continuo
2556 1519 2765 1594 Media

487 1645 493 1656 .
547 1597 817 1654 occurrit.
900 1598 1131 1672 Scythae
1160 1604 1356 1654 tamen
1385 1598 1496 1654 bac
1520 1614 1639 1652 non
1671 1598 2030 1670 irruperunt,
2060 1597 2160 1654 sed
2190 1598 2307 1654 alia
2330 1599 2431 1654 via
2452 1599 2759 1672 superiore

548 1684 610 1732 ct
650 1676 843 1734 multo
886 1676 1175 1752 longiore,
1209 1677 1475 1732 Caucaso
1514 1684 1723 1733 monte
1762 1675 1837 1732 ad
1868 1677 2144 1733 dextram
2188 1677 2408 1734 relicto.
2490 1677 2582 1733 Ibi
2624 1685 2761 1736 tum

547 1752 714 1813 Medi
756 1769 893 1811 cnm
942 1756 1172 1830 Scythis
1213 1756 1532 1830 congressi,
1572 1755 1889 1830 praelioque
1932 1756 2213 1828 superati,
2250 1756 2403 1812 Asiae
2443 1756 2763 1829 imperium

551 1834 876 1891 amiserunt
898 1857 914 1902 3
961 1834 1194 1907 Scythae
1214 1851 1354 1891 vero
1377 1835 1659 1889 universa
1682 1835 1821 1890 Asia
1846 1842 1985 1889 sunt
2009 1835 2190 1905 potiti.

636 1916 765 1968 105.
804 1910 951 1967 Inde
975 1911 1298 1988 AEgyptum
1325 1929 1529 1968 versus
1555 1912 1941 1968 intendebant
1964 1913 2119 1968 viam
2132 1929 2162 1968 «ε
2190 1913 2289 1968 sed
2319 1911 2542 1987 Syriam
2568 1915 2761 1974 Palae·

548 1992 768 2049 atinam
799 1989 1088 2066 ingressis
1123 2007 1434 2046 occurrens
1460 1991 1711 2064 AEgypti
1756 2010 1859 2046 rex
1896 1991 2368 2062 Psammitichus‚
2400 1994 2756 2052 muneribus

546 2071 934 2146 precibusque
973 2069 1182 2134 effecit,
1227 2077 1294 2125 ut
1335 2070 1581 2126 ulterius
1632 2087 1758 2125 non
1812 2070 2317 2144 progrederentur.
2399 2071 2519 2129 Ubi
2558 2090 2761 2148 regre-

547 2148 774 2206 dientes
800 2148 1144 2206 Ascalonem
1176 2155 1487 2214 venerunt,
1519 2149 1699 2223 Syrioe
1738 2149 2059 2224 oppidum3
2104 2151 2369 2206 maxima
2408 2151 2765 2224 Scytharum

547 2235 713 2302 parte
757 2228 884 2284 sine
930 2227 1220 2283 maleficio
1265 2235 1693 2302 praetergressa,
1719 2228 1889 2302 pauci
1934 2229 2007 2284 e'x
2048 2228 2185 2295 illis,
2210 2245 2370 2301 pone
2418 2239 2761 2303 sequentes,

545 2307 788 2362 Veneris
815 2305 1082 2362 Coelestis
1105 2307 1397 2380 templum
1425 2305 1846 2379 despoliat-unt.
1903 2307 2013 2364 Est
2040 2315 2239 2364 autem
2264 2307 2433 2373 illud,
2462 2317 2763 2382 quantum

546 2386 846 2442 sciscitans
885 2382 1175 2460 intelligo,
1205 2403 1279 2441 ex
1318 2386 1599 2441 omnibus
1639 2380 1816 2456 hujus
1846 2386 1969 2442 deae
2010 2386 2243 2459 templis
2270 2385 2764 2448 vetustissimum.
2862 2419 2867 2426 ·
2911 2399 2912 2406 ’

545 2463 707 2521 Nam
747 2463 903 2539 quod
947 2464 1010 2519 in
1041 2465 1236 2538 Cypro
1278 2471 1367 2520 est
1407 2462 1717 2536 templum,
1750 2465 1888 2520 hinc
1929 2464 2179 2538 prodiit3
2226 2466 2383 2539 quod
2424 2467 2536 2540 ipsi
2574 2468 2763 2526 etiam

547 2544 748 2619 Cyprii
773 2542 1126 2599 confirmant
1151 2558 1166 2596 ε
1210 2549 1288 2611 et,
1319 2542 1472 2616 quod
1504 2543 1775 2617 Cytheris
1799 2551 1907 2609 est,
1934 2543 1989 2598 id
2018 2539 2317 2601 Phoenices
2346 2545 2763 2614 condiderunt,

547 2640 624 2679 ex
663 2623 774 2676 hac
805 2622 970 2694 Syria
995 2621 1246 2677 oriundi.
1327 2621 1442 2678 His
1486 2629 1683 2677 autem
1715 2622 1965 2694 ScythiS,
1992 2622 2098 2695 qui
2138 2625 2427 2696 templum
2452 2625 2762 2682 Ascalonis

546 2701 966 2774 exspoliarunt,
992 2715 1315 2774 eorumque
1338 2717 1569 2772 semper
1594 2701 1861 2774 posteris,
1887 2700 2111 2758 inflixit
2136 2701 2589 2760 ‹lea-muliebrem
2610 2721 2763 2760 mor-

549 2779 672 2834 bum
692 2803 710 2844 ,-
749 2779 832 2834 ita
857 2778 1095 2852 quidem
1121 2787 1190 2834 ut
1214 2780 1394 2834 etiam
1423 2779 1655 2853 Scythae
1696 2779 1915 2845 dicant,
1940 2780 2019 2836 ob
2048 2781 2201 2836 hanc
2235 2799 2504 2838 caussam
2544 2785 2763 2842 morbo

545 2859 661 2915 hoc
688 2857 954 2914 laborare
975 2857 1131 2922 illos,
1161 2871 1221 2913 et
1249 2857 1401 2931 apud
1432 2875 1495 2912 se
1523 2858 1597 2914 ab
1626 2857 1979 2916 adeuntibus
2006 2858 2339 2932 Scythicam
2366 2869 2589 2920 terram
2610 2880 2763 2920 eon-

545 2936 692 3012 spici
719 2953 839 3010 quo
867 2944 1040 3010 pacto
1064 2934 1276 2992 adfecti
1303 2937 1442 3000 sint,
1470 2954 1617 3010 quos
1643 2936 1901 2994 Enareas
1928 2939 2159 3010 Scythae
2185 2939 2504 3012 adpellant.

634 3019 768 3072 106.
813 3015 1004 3092 Igitur
1043 3023 1178 3072 octo
1219 3023 1282 3072 et
1325 3016 1535 3090 viginti
1576 3033 1764 3072 annos
1814 3017 1964 3072 Asiae
2006 3018 2321 3090 imperium
2368 3019 2761 3079 obtinuerunt

547 3095 820 3170 Scythoe3
878 3111 980 3169 per
1018 3107 1340 3168 eorumque
1393 3091 1746 3168 proterviam
1783 3101 1844 3150 et
1886 3103 2251 3153 contemtum
2294 3098 2499 3156 omnia
2536 3117 2762 3174 susque

545 3175 736 3248 deque
779 3189 944 3229 versa
983 3181 1139 3229 sunt.
1220 3171 1280 3228 Si
1325 3174 1564 3246 quidem
1608 3181 1819 3246 praeter
1856 3175 2101 3241 tributa,
2138 3182 2375 3232 tantum
2417 3191 2454 3232 a
2500 3179 2761 3254 singulis

546 3253 882 3327 exigebant,
913 3260 1201 3326 quantum
1229 3252 1298 3307 iis
1325 3252 1777 3326 imposuissent:
1822 3269 1931 3308 nec
1960 3253 2186 3310 tributo
2212 3256 2491 3323 contenti,
2521 3256 2763 3333 insuper

546 3333 740 3390 etiam·
768 3331 1174 3404 obequitantes
1217 3330 1524 3404 rapiebant
1554 3330 1715 3404 quod
1754 3332 1969 3406 quique
2010 3333 2307 3390 haberent.
2389 3335 2502 3393 Sed
2544 3334 2760 3396 horum

547 3409 788 3486 quidem
816 3407 1104 3479 majorem
1134 3425 1449 3466 nnmerum
1480 3410 1777 3482 Cyaxares
1802 3419 1863 3466 et
1888 3410 2075 3477 Medi,
2104 3411 2363 3485 hospitio
2392 3423 2667 3490 exceptos
2700 3427 2762 3499 et

545 3497 712 3548 mero
738 3488 1078 3554 inebriatos,
1105 3488 1565 3545 obtruncaruntz
1608 3495 1785 3562 atque
1808 3489 1893 3546 ita
1919 3508 2173 3566 regnum
2199 3507 2467 3565 receperu
2477 3495 2759 3565 ntMedi,

544 3577 607 3626 et
647 3584 864 3633 rerum,
889 3583 1138 3641 quarum
1165 3576 1342 3624 antea
1377 3567 1604 3624 domini
1644 3567 1905 3634 fuerant,
1932 3571 2135 3626 denuo
2158 3578 2299 3626 sunt
2322 3573 2523 3645 potiti.
2593 3571 2761 3634 Tum

543 3663 688 3704 vero
715 3654 777 3703 et
797 3647 1028 3703 Ninum
1058 3654 1358 3721 ceperunt,
1391 3649 1599 3720 (quam
1626 3663 1745 3721 quo
1785 3657 1957 3722 pacto
1984 3649 2270 3721 ceperint,
2297 3651 2359 3706 ln
2378 3651 2517 3708 aliis
2544 3652 2758 3712 Histo-

543 3728 766 3784 riarum
803 3726 970 3782 libris
1010 3727 1350 3800 exponam,)
1398 3732 1458 3780 et
1498 3727 1787 3800 Assyrios,
1816 3735 2059 3800 excepta
2091 3727 2459 3802 Babylonica
2504 3731 2759 3801 ditione,

544 3806 658 3863 sub
699 3812 1048 3879 potestatem
1089 3821 1259 3861 suam
1299 3804 1670 3880 redegerunt.
1752 3805 1895 3862 Post
1936 3807 2061 3862 haec
2102 3807 2416 3879 cyaxares,
2442 3817 2761 3885 postquam

544 3885 933 3960 quadraginta
949 3895 1022 3940 an
1031 3899 1140 3940 nos
1163 3884 1370 3956 (simul
1387 3885 1711 3942 numeratis
1730 3885 1843 3951 his,
1862 3885 2075 3959 quibus
2098 3901 2275 3960 penes
2292 3885 2535 3964 Scythas
2563 3890 2760 3949 fuerat

543 3963 886 4038 imperium)
918 3968 1244 4038 regnasset,
1273 3963 1400 4018 fato
1425 3961 1661 4020 functus
1686 3973 1791 4022 est.

630 4045 759 4098 107.
801 4043 1054 4117 Cyaxari
1089 4042 1152 4097 in
1192 4057 1448 4117 regnum
1492 4045 1769 4100 successit
1806 4041 1963 4112 filius
1988 4043 2335 4102 Asa-raons,
2419 4045 2577 4104 Huic
2618 4057 2761 4106 nata

543 4128 668 4178 erat
707 4121 850 4187 filia,
878 4120 973 4177 cui
1013 4119 1326 4176 Mandanae
1365 4120 1709 4192 inposuerat
1749 4139 1965 4180 nomen
1995 4145 2007 4180 z
2054 4141 2191 4196 quae
2228 4125 2283 4180 ei
2326 4143 2432 4198 per
2473 4142 2759 4186 somnum

542 4201 670 4258 visa
707 4207 799 4260 est
835 4207 1073 4258 tantum
1113 4200 1298 4258 uri'nae
1341 4199 1606 4269 fundere,
1635 4209 1705 4260 ut
1744 4210 1805 4259 et
1834 4202 1973 4260 urbs
2012 4200 2137 4274 ejus
2174 4204 2518 4281 impleretur
2542 4212 2605 4262 et
2634 4216 2759 4266 tota
