2925 4992
514 316 631 373 426
804 324 815 331 ‘
1092 306 1581 373 HERODOTI
1639 306 1696 369 H
1712 307 2009 369 lsToR.
2067 308 2178 367 IX.

524 470 733 527 Cereris
760 466 1017 543 templum
1042 468 1498 534 contenderunt,
1525 464 1904 541 Megarenses
1928 484 2071 525 vero
2097 475 2157 523 et
2182 462 2424 523 Phliasii
2449 480 2558 539 per
2595 464 2722 539 pla-

523 549 727 606 nitiem
754 546 1008 604 molliori
1034 548 1148 603 via.
1216 546 1335 603 Ubi
1363 562 1504 601 vero
1533 542 1712 619 pr'ope
1737 545 1966 602 hostem
1992 545 2378 621 Megarenses
2403 552 2466 599 et
2495 541 2732 603 Phliasii

523 628 703 693 fuere,
734 644 767 683 e
792 625 1121 701 longinquo
1160 641 1260 679 eos
1300 624 1726 697 conspicientes
1765 626 1988 698 equites
2027 620 2319 689 Thebani,
2346 622 2734 695 videntesque

523 705 691 761 nulio
716 704 921 759 ordine
949 710 1353 776 properantes,
1374 718 1562 779 -equos
1589 701 1652 757 in
1679 702 1812 759 illos
1837 702 2176 777 adegerunt,
2195 700 2534 773 Asopodoro
2557 700 2732 766 duce,

524 781 827 841 'l'imandri
852 782 994 838 filio.
1075 781 1145 836 In
1172 796 1319 853 quos
1343 780 1578 845 invecti,
1607 788 1912 836 sexcentos
1943 796 2149 837 eorum
2179 786 2548 835 straverunt:
2595 778 2735 834 reli·
2767 800 2778 811 =

523 878 785 935 quosque
836 859 1145 932 persecuti,
1188 860 1249 937 in
1290 857 1684 914 Cithaeronem
1738 855 2060 931 praecipites
2107 857 2542 932 compulerunt.
2625 856 2736 912 Isti

524 939 709 1015 igitur
735 938 979 1011 ignobili
1006 945 1197 992 morte
1224 934 1541 1009 perierunt·
2451 951 2461 961 ·

604 1020 702 1075 ¹70.
741 1016 931 1071 Persae
955 1021 1015 1069 et
1040 1014 1263 1089 reliqua
1286 1014 1478 1079 turba,
1507 1020 1822 1093 postquam
1849 1016 1996 1071 intra
2025 1015 2264 1087 ligneum
2301 1030 2521 1069 murum
2553 1012 2734 1087 [sive,

422 1126 431 1135 ·
524 1097 589 1157 in
626 1094 888 1169 ligneum
932 1091 1241 1164 castellum]
1283 1100 1704 1165 pervenerunt,
1743 1091 2090 1149 adscendere
2129 1094 2192 1148 in
2233 1100 2422 1147 turres
2465 1101 2736 1147 matura-

524 1180 689 1239 runt,
730 1172 1065 1245 priusquam
1108 1166 1546 1227 Lacedaemonii
1583 1168 1850 1225 adessent
1867 1186 1886 1224 r.
1927 1171 2130 1244 eisque
2169 1170 2521 1235 conscensis,
2555 1186 2736 1243 quam

524 1252 748 1325 optime
788 1257 1055 1323 poterunt
1103 1249 1177 1304 ad
1221 1246 1648 1305 defendendum
1693 1264 1931 1307 murum
1978 1265 2104 1305 sese
2147 1256 2571 1321 compararunt
2591 1263 2610 1301 ε
2651 1254 2736 1315 et,

524 1330 630 1386 ubi
656 1329 1024 1384 advenerunt
1040 1324 1494 1390 Lacedaemonii,
1511 1324 1702 1380 valide
1727 1324 2042 1385 admodum
2069 1333 2534 1401 propugnarunt.
2574 1325 2738 1382 Nam

526 1408 865 1491 priusquam
904 1405 1287 1461 Athenienses
1326 1403 1726 1470 accessissent,
1761 1403 2104 1476 repulerunt
2143 1402 2648 1469 Lacedaemonios,
2675 1412 2738 1459 et

526 1484 719 1541 multo
764 1482 845 1539 eis
892 1490 1059 1538 erant
1102 1482 1450 1555 superiores,
1483 1482 1699 1555 quippe
1743 1482 2276 1556 oppugnandarum
2327 1482 2735 1539 munitionum

526 1563 828 1636 imperitis.
910 1560 995 1617 Ut
1020 1576 1157 1616 vero
1181 1558 1566 1617 Athenienses
1593 1559 1897 1625 advenere,
1921 1568 2071 1616 tune
2096 1561 2244 1617 acris
2267 1561 2492 1617 exstitit
2517 1567 2580 1615 et
2607 1560 2736 1617 diu-

522 1648 704 1698 turna
728 1640 879 1712 circa
904 1656 1139 1694 murum
1165 1655 1386 1712 pugna.
1466 1635 1574 1693 Sed
1603 1636 1678 1693 ad
1699 1644 2026 1695 extremum
2051 1640 2270 1695 virtute
2297 1648 2357 1695 et
2381 1636 2738 1699 adsiduitate

522 1719 740 1777 laboris
779 1716 1254 1774 conscenderunt
1296 1732 1532 1771 murum
1559 1714 1962 1781 Athenienses,
1991 1732 2244 1791 eumque
2283 1718 2630 1777 diruerunt:
2675 1725 2736 1774 et

526 1814 599 1855 ea
622 1805 783 1870 parte
818 1796 995 1851 Groeci
1022 1796 1171 1849 intra
1197 1797 1548 1849 ’inanitionem
1571 1796 1869 1849 irruerunt.
1951 1791 2127 1851 Primi
2155 1797 2258 1868 qui
2299 1796 2546 1871 ingressi
2572 1803 2734 1863 sunt,

524 1876 802 1950 Tegeatae
836 1873 1033 1929 fuere:
1076 1879 1138 1927 et
1177 1870 1237 1926 hi
1277 1881 1417 1927 sunt
1463 1872 1562 1943 qui
1607 1872 1894 1927 tentorium
1937 1874 2268 1946 spoliarunt
2307 1874 2635 1940 Mardonii,
2661 1892 2737 1931 ex

526 1971 712 2026 eoque
736 1969 923 2025 quum
964 1951 1075 2006 alia
1113 1957 1503 2023 asportarunt,
1531 1960 1660 2005 tum
1701 1966 1958 2023 praesepe
1997 1968 2308 2025 equorum,
2335 1952 2494 2025 quod
2537 1959 2735 2009 totum

528 2048 763 2087 ameum
791 2036 915 2085 erat
941 2036 1001 2083 et
1028 2036 1289 2099 spectatu
1316 2026 1582 2102 dignum.
1639 2026 1722 2083 A'c
1748 2045 2006 2101 praesepe
2034 2031 2144 2087 hoc
2171 2030 2413 2104 quidem
2435 2030 2738 2087 Mardonii

526 2110 589 2167 in
614 2107 837 2179 templo
866 2106 1021 2181 Aieae
1042 2105 1327 2161 Minervae
1362 2104 1707 2161 dedicarunt
1737 2106 2052 2180 Tegeatae3
2099 2108 2383 2181 reliquam
2410 2126 2552 2165 vero
2584 2126 2736 2183 prm,-

527 2188 664 2244 dam
700 2202 939 2241 omnem
982 2185 1042 2239 in
1082 2183 1357 2240 eumdem
1395 2184 1595 2239 locum
1634 2200 1770 2239 eum
1815 2188 2114 2243 communi
2155 2187 2498 2243 Graecorum
2540 2189 2738 2262 praeda

526 2264 926 2325 contulerunt.
1004 2260 1247 2318 Barbari
1274 2278 1434 2328 vero,
1462 2279 1535 2317 ex
1561 2278 1680 2336 quo
1707 2278 1909 2319 murus
1937 2265 2176 2331 corruit,
2207 2266 2436 2322 nullum
2479 2267 2736 2339 amplius

524 2343 793 2420 globum,
822 2356 999 2413 quem
1026 2340 1183 2396 host-i
1209 2348 1601 2418 opponerent,
1627 2338 1914 2406 fecerunt,
1940 2358 2133 2417 neque
2159 2344 2472 2417 quisquam
2499 2345 2738 2403 virtutis

526 2420 801 2479 meminit
825 2444 843 2490 3
888 2418 990 2475 sed
1017 2419 1375 2475 consternati
1406 2425 1592 2485 erant,
1619 2426 1823 2491 utpote
1849 2420 2054 2477 multae
2096 2420 2404 2477 hominum
2445 2424 2736 2497 myriades

526 2501 593 2557 in
620 2500 907 2573 exiguum
931 2497 1125 2553 locum
1154 2497 1300 2572 fuga
1320 2496 1641 2569 compulsae
1663 2504 1722 2553 et
1744 2497 2048 2555 conclusae.
2089 2497 2170 2556 Et
2191 2500 2412 2557 Graecis
2439 2502 2526 2557 ita
2549 2503 2738 2561 facilis

448 2592 457 2601 ·
526 2579 645 2635 fuit
670 2576 874 2641 caedeS,
898 2584 965 2632 ut
986 2592 1059 2630 ex
1083 2576 1326 2650 triginta
1348 2576 1670 2631 hominum
1692 2575 2049 2649 myriadibus
2071 2579 2306 2653 (demtis
2325 2587 2583 2652 quatuor
2605 2598 2736 2654 my-

528 2656 807 2726 riadibus,
834 2670 971 2709 cum
998 2654 1211 2726 quibus
1235 2653 1560 2710 Artabazus
1589 2652 1880 2729 profugit)
1912 2667 1985 2710 ne
2013 2664 2101 2715 ter
2141 2657 2304 2713 mille
2329 2646 2571 2731 quidem
2599 2661 2734 2716 reli,

525 2735 634 2807 qui
679 2737 888 2788 essent.
968 2730 1551 2789 Lacedaemoniorum
1602 2748 1759 2797 vero,
1803 2730 1905 2805 qui
1952 2726 2190 2804 quidem
2233 2752 2310 2791 ex
2353 2737 2484 2811 ipsa
2531 2735 2738 2813 Sparta

529 2814 715 2878 fuere,
747 2808 977 2865 nonnisi
1001 2826 1151 2866 unus
1180 2818 1239 2866 et
1266 2811 1597 2885 nonaginta
1621 2810 1680 2866 in
1721 2812 1922 2884 praelio
1945 2812 2310 2885 ceciderant3
2356 2832 2432 2880 ex
2456 2814 2734 2892 Tegeatis

528 2908 670 2946 vero
695 2888 944 2946 sedecim
976 2914 992 2958 ς
1040 2907 1112 2944 cx
1137 2886 1612 2960 Atheniensibus,
1641 2889 1760 2945 duo
1788 2897 1848 2945 et
1873 2891 2316 2967 quinquaginta.

503 2972 511 2977 '
608 2972 705 3025 71.
756 2967 987 3022 Virtutis
1010 2969 1217 3022 nomine
1254 2968 1315 3021 in
1358 2964 1660 3023 Plataeensi
1691 2983 1896 3042 pugna
1921 2972 2207 3037 eminuere,
2233 2971 2390 3028 inter
2414 2973 2732 3043 Barbaros,

532 3049 826 3122 peditatus
852 3044 1088 3117 quidem
1116 3044 1447 3110 Persarum,
1477 3046 1772 3117 equitatus
1803 3063 1941 3103 vero
1969 3048 2248 3105 Sacarum
2275 3066 2292 3103 z
2339 3051 2499 3107 inter
2521 3053 2734 3129 sing-112

524 3128 617 3183 ios
645 3126 802 3181 viros
840 3122 1157 3179 eminuisse
1196 3122 1407 3179 dicitur
1432 3122 1723 3189 Mardonii
1765 3124 1966 3182 virtus.
2043 3127 2210 3183 Inter
2233 3128 2492 3200 Graecos,
2521 3148 2735 3204 quam-

526 3222 706 3279 quam
748 3212 807 3257 et
844 3200 1122 3273 Tegeatae
1163 3200 1222 3257 et
1264 3200 1644 3259 Athenienses
1685 3202 1917 3259 fortiter
1961 3213 2316 3279 pugnarunt,
2346 3225 2468 3280 prae
2507 3211 2734 3267 caeteris

528 3281 781 3342 eminuit
828 3279 1355 3348 Lacedaemoniorum
1396 3281 1608 3336 virtus:
1647 3280 1804 3353 quod
1849 3282 2084 3355 quidem
2135 3285 2298 3340 nullo
2345 3286 2462 3341 alio
2517 3288 2734 3346 indicio

526 3360 871 3419 confirmare
900 3373 1161 3429 possum,
1194 3358 1279 3431 (hi
1308 3358 1460 3413 enirn
1491 3354 1688 3413 cuncti
1713 3358 1980 3416 vicerunt
2017 3378 2118 3417 eos
2157 3364 2260 3437 qui
2297 3364 2438 3437 ipsis
2479 3368 2738 3440 oppositi

528 3436 834 3507 steterant)
867 3435 979 3492 nisi
1003 3434 1616 3509 quodLacedaemonii
1645 3453 1784 3492 cum
1807 3438 2212 3497 robustissima
2237 3452 2400 3515 parte
2429 3445 2736 3518 copiarum

460 3532 477 3549 ⁸
528 3512 837 3577 hostilium
876 3512 1286 3583 conflixerunt,
1323 3515 1549 3587 hosque
1589 3523 1957 3587 superarunt.
2038 3516 2206 3585 Inter
2247 3521 2512 3596 singulos
2556 3523 2736 3591 viros,

485 3628 490 3633 ·
528 3604 600 3652 ut
646 3592 792 3649 mihi
832 3592 1071 3664 quidem
1112 3592 1363 3659 videtur,
1408 3597 1526 3665 p'rae
1571 3594 1816 3658 caeteris,
1856 3595 2034 3671 longe
2078 3596 2394 3655 fortissime
2439 3605 2738 3675 pugnavit

530 3672 954 3740 Aristodemus,
974 3670 1022 3727 is
1042 3670 1165 3745 qui,
1188 3686 1369 3744 quum
1394 3688 1466 3725 ex
1489 3672 1758 3727 trecentis
1785 3688 1939 3729 unus
1959 3692 1994 3729 a
2010 3674 2420 3750 Thermopylis
2446 3680 2732 3750 rediisset,

529 3748 861 3825 ignominia
895 3755 1128 3804 notatus
1156 3756 1296 3803 erat.
1377 3748 1520 3813 Post
1561 3749 1716 3821 hunc
1751 3758 1949 3807 autem
1975 3753 2270 3811 eminuere
2296 3755 2646 3815 Posidonius
2675 3768 2734 3817 et

529 3826 880 3901 Philoeyon,
900 3835 957 3882 et
982 3826 1304 3897 Spartanus
1322 3826 1830 3899 Amompharetus.
1895 3830 2297 3905 Quamquam,
2322 3850 2511 3907 quum
2539 3854 2732 3895 sermo

527 3906 843 3963 haberetur
870 3904 998 3977 quis
1020 3903 1254 3959 illorum
1282 3904 1637 3961 fortissimus
1665 3905 1862 3971 fuerit,
1888 3918 2199 3979 praesentes
2215 3910 2491 3984 Spartani
2509 3921 2732 3972 statue-

530 3993 695 4049 runt,
728 3982 1163 4038 Aristodemum
1211 3981 1526 4037 manifeste
1565 3982 1718 4038 mori
1761 3984 2018 4043 voluisse
2061 3996 2299 4062 propter
2337 3992 2577 4065 culpam
2616 4010 2734 4071 qua

528 4061 876 4135 tenebatur3
918 4076 1099 4133 eaque
1127 4076 1333 4115 caussa
1358 4057 1670 4125 furiosum,
1699 4068 1758 4116 et
1783 4059 2047 4129 ordinem
2075 4083 2252 4123 suum
2278 4069 2732 4143 relinquentem,

528 4138 807 4216 praeclara
846 4138 1002 4193 facta
1048 4138 1329 4195 edidisse:
1374 4138 1754 4194 Posidonium
1795 4156 1958 4208 vero,
1985 4160 2168 4216 quum
2213 4163 2330 4205 non
2374 4147 2733 4207 decrevisset

532 4217 706 4295 mori,
736 4215 1052 4285 fertissime
1076 4232 1389 4305 pugnasse,
1410 4224 1696 4305 tantoque
1717 4234 1842 4276 esse
1863 4222 2328 4305 praestantiorem
2356 4225 2480 4295 illo.
2520 4228 2597 4297 At
2622 4229 2736 4297 hoc
