2925 4992
1157 313 1453 376 (31210.
2334 322 2407 378 19

183 477 288 539 bus
305 471 516 552 eopiis·
533 474 814 534 adversus
835 473 1150 535 redeuntes
1173 474 1394 552 egressi
1433 479 1612 532 sunt:
1656 469 1951 546 simulque
1975 471 2313 532 Pisistratus
2339 483 2401 534 et

187 553 280 631 qui
307 573 448 614 cum
489 573 561 614 eo
587 561 774 622 erant,
803 562 869 610 ut
905 553 1260 618 Marathone
1299 552 1547 627 profecti
1586 560 1791 608 contra
1828 551 2035 608 urbem
2067 551 2245 620 ivere,
2281 553 2401 610 illis

183 642 554 710 occurrentes
595 633 670 690 ad
710 632 1020 706 templum·
1043 640 1437 705 pervenerunt
1475 631 1807 687 Pallenidos
1844 629 2153 700 Minervae,
2196 631 2399 706 ibique

184 723 372 772 eastra
419 731 496 769 a
534 713 784 772 adverso
833 718 1174 783 posuerunt.
1253 709 1349 766 lbi
1397 717 1528 766 tum
1576 709 1863 765 divinitus
1908 709 2123 766 missus
2168 709 2398 779 adstitit

181 793 488 851 Pisistrato
527 790 904 865 Amphilytus
930 789 1226 866 Acarnan,
1261 789 1402 862 [sive
1435 790 1617 861 potius
1642 787 2085 860 Acharnensis,]
2122 788 2213 844 vir
2240 785 2403 844 vati-

183 872 334 948 cinia
357 871 532 927 edere
567 869 814 938 doctus-3
860 867 964 942 qui
989 863 1159 938 illum
1200 868 1425 935 adiens,
1453 867 1796 944 hexametro
1824 874 2023 924 tenore
2050 866 2393 928 vaticinium

179 951 359 1008 edidit
388 947 482 1006 his
510 947 706 1022 verbis
721 969 743 1002 .:

437 1077 635 1122 ,Iactum
655 1078 731 1120 est
751 1074 1030 1121 verriculum
1053 1085 1201 1131 nunc,
1223 1077 1294 1118 est
1315 1073 1406 1120 tibi
1427 1077 1527 1120 rete
1548 1083 1827 1134 repansum

437 1143 598 1188 Nocte
618 1141 818 1187 aderunt
838 1139 1012 1200 thynni
1035 1141 1160 1185 claro
1179 1139 1272 1184 sub
1293 1139 1441 1186 sidere
1463 1140 1604 1186 lune.

193 1333 200 1340 ·
249 1305 356 1362 63.
403 1303 498 1360 Sic
539 1303 642 1360 ille
679 1303 880 1360 divino
930 1301 1150 1360 adflatu
1189 1303 1515 1358 concitatus
1541 1301 1787 1358 cecinit:
1852 1298 2187 1358 Pisistratus
2228 1309 2389 1368 vero,

175 1390 458 1457 percepto
484 1383 744 1448 oracu10,
773 1383 1016 1456 accipere
1035 1399 1094 1436 se
1117 1397 1270 1436 omen
1296 1379 1514 1445 dicens,
1544 1379 1865 1436 exercitum
1892 1379 1954 1436 in
1980 1379 2179 1436 hostes
2206 1379 2393 1436 duxit.

174 1461 568 1518 Athenienses
584 1469 797 1528 *autem
834 1461 1045 1517 urbani
1070 1477 1178 1534 per
1195 1459 1260 1515 id
1283 1467 1518 1532 tempus
1558 1458 1631 1514 ad
1658 1457 1972 1532 prandium
1998 1475 2061 1514 se
2088 1465 2391 1514 converte-

177 1546 330 1606 rant,
357 1547 422 1596 et
447 1557 482 1594 a
509 1539 754 1613 prandio
778 1539 876 1594 alii
903 1539 978 1596 ad
1005 1546 1355 1595 tesserarum
1392 1537 1630 1606 ludum,
1660 1533 1760 1592 alii
1784 1536 1855 1590 ad
1884 1551 2180 1592 somnum.
2260 1536 2399 1593 Hos'

175 1615 364 1692 igitur
405 1613 744 1674 Pisistratus
783 1631 920 1674 cum
963 1617 1110 1683 suis,
1141 1616 1299 1672 facto
1347 1617 1596 1688 impetu,
1637 1614 1699 1670 in
1748 1613 1959 1690 fugam
1999 1616 2191 1670 vertit.
2270 1609 2402 1676 Q'ui·
2471 1633 2482 1644 ·

171 1696 319 1756 dum
345 1697 729 1772 profugiunt,
745 1696 828 1753 ibi
850 1704 982 1752 tum
1007 1695 1465 1769 prudentissimo
1488 1692 1738 1748 consilio
1749 1707 1893 1748 usus
1920 1699 2009 1748 est
2032 1689 2392 1760 Pisistratus,

168 1791 296 1849 quo
337 1775 541 1830 minus
573 1774 810 1832 ordines
853 1774 1316 1850 redintegrarent
1353 1771 1765 1837 Athenienses,
1795 1769 1895 1826 sed
1922 1769 2163 1844 dispersi
2190 1789 2395 1828 mane-

173 1859 326 1910 rent.
409 1847 596 1908 Filios
621 1870 762 1909 suos
790 1853 954 1927 equis
979 1851 1286 1927 impositos
1326 1851 1645 1924 praemisit3
1694 1849 1796 1923 qui
1824 1843 2128 1905 consecuti
2154 1848 2389 1925 fugien-

175 1941 285 1998 tes,
328 1929 624 1988 Pisistrati
668 1931 858 1989 verbis
902 1931 1036 1986 bono
1076 1932 1270 2008 (mimo⁴
1300 1947 1410 1986 esse
1439 1926 1743 2002 juberent,
1786 1934 1842 1984 et
1882 1928 1957 1983 ad
1988 1945 2093 1984 sua
2134 1945 2393 2002 quemque

176 2009 348 2066 abire.
383 2029 390 2036 ·
1021 2017 1032 2024 “
1155 2013 1160 2022 “
1403 2013 1406 2020 “
1844 2015 1853 2020 “

189 2119 226 2139 .·
258 2093 357 2146 64.
399 2087 518 2156 Ita,
545 2087 702 2146 dicto
727 2089 1064 2164 parentibus
1095 2085 1570 2154 Atheniensibus,
1598 2086 1941 2144 Pisistratus
1970 2085 2146 2143 terti-o
2172 2088 2403 2161 potitus·

171 2165 442 2234 Athenis,
470 2168 841 2241 tyrannidem
881 2167 1139 2225 firmavit
1178 2187 1364 2242 quum
1389 2166 1773 2224 auxiliaribus
1802 2165 2029 2232 multis,
2058 2172 2189 2222 tum
2214 2184 2393 2240 pecu·-

171 2246 409 2304 niarum
451 2246 760 2313 reditibus,
787 2263 918 2320 quae
958 2247 1174 2320 partim
1201 2265 1272 2302 ex
1312 2247 1456 2322 ipsa-
1477 2245 1738 2320 regione,
1766 2245 1984 2318 partim
2008 2261 2045 2299 a
2083 2243 2393 2319 Strymone

169 2323 362 2380 fluvio
379 2325 768 2399 cogebantur.
847 2323 1026 2381 Filios
1051 2339 1288 2400 quoque
1313 2341 1521 2382 eorum
1540 2322 2009 2388 Atheniensium,
2028 2323 2131 2396 qui
2160 2323 2389 2381 restite·
2428 2352 2433 2356 ·

171 2411 328 2470 rant,
372 2421 482 2460 nee
531 2421 570 2460 e
620 2403 874 2478 vestigio
928 2402 1139 2482 fugam
1183 2405 1633 2477 capessiverant,
1680 2400 1955 2457 obsidum
2008 2400 2139 2456 loco
2189 2409 2391 2476 captos

169 2481 422 2540 Naxum
465 2481 766 2538 transtulit
792 2504 804 2538 :
850 2499 993 2539 nam
1018 2483 1198 2539 etiam
1231 2483 1379 2539 hanc
1415 2478 1755 2538 Pisistratus
1782 2478 1941 2537 bello
1966 2479 2302 2554 subegerat,
2334 2488 2395 2538 et

170 2557 537 2636 Lygdum-idi
563 2561 880 2617 tradiderat
899 2558 1439 2618 administrandam.
1520 2559 1610 2616 Ad
1637 2558 1761 2614 haec
1786 2557 2010 2616 Delum
2034 2557 2293 2614 insulam
2318 2575 2401 2616 ex·

171 2639 430 2696 oraculi·
444 2655 722 2712 responso
761 2638 1032 2713 expiavit-
1111 2639 1390 2714 Expiavit
1428 2644 1629 2696 aute-m
1672 2637 1789 2692 hoc
1825 2636 2045 2693 modo:
2088 2653 2401 2712 quousque

171 2725 525 2792 prospectus
563 2716 771 2792 templi
809 2718 1098 2790 pertinet,
1115 2735 1189 2775 ex
1214 2725 1344 2774 tota
1368 2735 1437 2774 ea
1476 2717 1723 2792 regione
1750 2710 2073 2772 effodienda
2110 2715 2395 2774 cadavera
2465 2787 2470 2792 .

172 2797 428 2862 curavit,
475 2802 538 2852 et
573 2796 636 2852 in
676 2796 860 2852 alium
911 2796 1122 2854 insulse
1165 2797 1366 2853 locum
1411 2793 1837 2852 transferenda.
1918 2793 2015 2850 lta
2051 2793 2393 2850 Pisistratus

170 2869 422 2940 Athenis
463 2873 755 2948 regnabat
773 2897 795 2934 ι
833 2874 1296 2940 Atheniensium⁴
1319 2882 1521 2930 autem
1562 2873 1663 2929 alii
1700 2873 1763 2928 in
1801 2871 2002 2945 praelio
2040 2871 2401 2940 ceciderant,-

171 2953 270 3010 alii
299 2966 444 3010 cum
471 2951 875 3010 Alcmoeonida
901 2971 934 3008 e
957 2953 1146 3026 patria
1169 2961 1323 3010 terra
1347 2951 1759 3027 profugerunt.

243 3035 352 3088 65.
393 3030 606 3088 'I'alem
649 3031 833 3106 igitur
857 3049 1056 3088 rerum
1094 3040 1320 3088 statum
1345 3047 1449 3104 per
1471 3030 1532 3086 id
1570 3038 1801 3103 tempus
1828 3028 1985 3103 apud
2012 3029 2393 3088 Athenienses

175 3109 443 3168 obtinere
483 3109 788 3168 audiverat
825 3110 1117 3167 Cnossos„
1157 3108 1639 3166 Lacedaemonios
1678 3125 1819 3163 vero
1860 3107 2114 3174 rescivit,
2156 3109 2394 3182 magnis

175 3189 356 3246 malis.
375 3187 713 3254 defunctos„
732 3183 1026 3258 bellojam
1041 3185 1811 3263 superioresesse‘Tegeatis.
1852 3185 2108 3260 Quippe,
2136 3201 2403 3262 regnam.

173 3267 334 3326 tibus
391 3267 619 3341 Spartae
665 3265 864 3324 Leone
901 3277 962 3324 et
992 3265 1328 3342 Hegesicle,
1366 3281 1553 3340 quum
1596 3265 1819 3321 caeteris
1847 3265 1907 3320 in
1934 3265 2117 3322 bellis·
2141 3264 2391 3322 feliciter

121 3354 136 3366 ‘
175 3363 299 3404 rem
337 3345 664 3421 gessissent
703 3344 1155 3410 Lacedaemonii,
1191 3363 1228 3400 a
1266 3344 1544 3421 Tegeatis
1584 3343 1738 3400 solis'
1764 3343 1990 3400 cladem
2029 3343 2395 3416 acceperant.

167 3421 690 3499 Acsuperioribus,
725 3424 966 3498 quidem
992 3421 1362 3498 temporibus
1401 3431 1461 3479 et
1485 3423 1641 3478 inter
1664 3423 2009 3478 seinvicem
2038 3422 2273 3496 legibus
2297 3423 2394 3479 usi

172 3510 336 3560 erant
363 3499 637 3578 pessimis
667 3501 791 3558 fere
808 3503 1082 3579 *omnium
1101 3503 1468 3568 Graecorum,
1494 3508 1552 3556 et
1578 3517 1716 3556 cum
1740 3497 1867 3558 aliis
1895 3501 2127 3574 populis
2152 3501 2393 3568 nullum

169 3581 508 3639 habuerant
547 3581 986 3647 commercium.
1015 3641 1022 3650 .
1066 3577 1177 3636 Sed
1215 3581 1378 3655 leges
1404 3595 1613 3634 eorum
1652 3578 1711 3634 in
1737 3581 1949 3650 melius
1970 3586 2224 3654 ,mutatae
2250 3588 2395 3637 sunt

167 3661 283 3718 hoc
323 3660 530 3718 modo.
609 3656 918 3736 Lycurgos
949 3649 1086 3728 viro'
1137 3659 1291 3714 inter
1317 3653 1642 3731 Spartanos
1698 3650 1971 3732 probatu,
2012 3649 2279 3730 Delphos
2318 3657 2392 3712 ad

165 3739 488 3814 oraculum
529 3737 837 3810 profecto,
859 3737 1216 3812 simulatque
1263 3735 1565 3810 penetrale
1617 3733 1919 3812 ingressus
1968 3745 2076 3802 est,
2130 3732 2399 3810 protinus

166 3817 386 3896 Pythia
413 3817 613 3876 haecce
639 3817 911 3890 profatur
935 3837 948 3872 ε

431 3965 522 4016 ΑΔ
541 3979 650 4022 mea
672 3967 844 4012 venisti
865 3967 1158 4028 praepinguis
1178 3968 1376 4028 templa,
1403 3967 1634 4027 Lycurge,

433 4035 588 4081 Grata
607 4031 724 4078 Jovi
743 4031 795 4077 'ef
817 4033 1003 4078 eunetis·
1023 4033 1106 4091 qui
1127 4036 1254 4078 tecta
1274 4035 1473 4078 tuentur
1494 4023 1702 4092 Olympi.

433 4095 834 4158 Ambigo,'te-ne
855 4097 992 4142 deum
1007 4098 1110 4156 Jam
1132 4111 1279 4154 nunc,
1306 4097 1621 4152 hominemve,
1644 4096 1870 4144 salutent

325 4199 330 4208 .
359 4220 367 4228 ,
434 4163 542 4214 Sed·
553 4163 710 4211 multo
732 4161 884 4225 magis
901 4177 1002 4210 esse
1023 4163 1162 4224 deum
1185 4167 1234 4210 te
1257 4163 1414 4223 credo,
1440 4163 1667 4223 Lycurge.
1748 4165 1752 4171 '

1133 4231 1242 4284 ns
