2925 4992
1064 298 1436 373 THALIA.
2236 310 2352 371 1³⁴7

172 467 211 501 “
230 463 421 543 lgttat·
454 464 677 543 priores
712 464 957 525 illorum
988 480 1289 524 sermones
1314 466 1626 525 mendaces
1663 464 1958 525 fixerunt.”
2039 466 2354 543 Superiore

172 547 365 623 quippe
403 552 691 622 tempore,
728 562 913 621 quum
958 544 1281 603 adsiderent
1322 545 1377 603 ei
1420 546 1612 603 Persae
1655 556 1832 621 atque
1871 549 2051 605 etiam
2095 550 2350 614 Croesus,

171 626 449 701 quaesierat
474 642 551 683 ex
576 626 669 683 his
696 625 1038 699 Cambyses,
1072 627 1249 697 qualis
1274 628 1363 681 vir
1402 627 1520 698 ipse
1555 626 1830 681 videretur
1869 640 1998 693 erte,
2027 644 2148 682 cum
2187 634 2352 701 patre

174 704 294 778 Cyro
328 705 559 761 collatus
576 705 607 759 ?
644 704 727 760 Et
764 703 855 759 illi
898 702 1347 777 responderant,
1388 720 1500 761 esse
1541 710 1706 776 patre
1743 708 2074 777 superiorem
2092 726 2112 759 .-
2153 708 2354 779 quippe

171 792 259 839 §ton
278 785 427 840 modo
460 784 739 858 possidere
760 798 1103 855 quencumque
1132 782 1307 857 Cyrus
1344 783 1678 854 obtinuisset,
1705 784 1800 839 sed
1835 790 1890 839 et
1921 786 2140 857 insuper
2163 780 2348 859 AEgy-

166 864 296 933 pium
340 870 393 919 et
430 867 589 919 mare
638 868 833 917 tenere.
913 860 1064 917 Haec
1105 860 1299 917 Persae
1343 860 1648 930 dixerant,
1693 862 1930 917 Croesus
1973 878 2114 919 vero
2161 880 2348 938 quum

170 939 385 1008 adesset,
411 958 523 999 nec
548 942 605 998 ei
644 940 901 1013 placeret
936 939 1055 997 ista
1078 941 1461 1013 comparatio,
1491 940 1584 997 his
1619 938 1814 995 verbis
1853 941 2184 1016 Cambysen
2221 948 2350 999 erat

170 1019 481 1078 adlocutus·
554 1014 759 1075 ‘Mihi
798 1018 1059 1093 quidem,
1084 1034 1122 1074 o
1160 1019 1315 1091 Cyro
1356 1026 1514 1085 nate,
1543 1035 1665 1075 non
1711 1018 1928 1075 videris
1967 1021 2178 1079 similis
2221 1036 2348 1077 esse

172 1100 385 1171 “patr-i,
410 1116 600 1174 quum
625 1097 814 1154 filium
845 1098 1109 1154 nondum
1137 1096 1351 1153 habeas
1379 1097 1614 1170 qualem
1641 1106 1700 1153 te
1725 1097 1822 1153 ille
1849 1099 2141 1172 reliquitl'
2197 1096 2350 1161 Qui-

167 1174 259 1232 bus
302 1180 513 1238 auditis
560 1177 887 1234 delectatus
928 1175 1249 1249 Cambyses
1286 1186 1435 1242 erat,
1466 1176 1767 1251 Croesique
1813 1176 2150 1235 laudaverat
2187 1173 2346 1248 judi-

170 1254 321 1313 cium.

228 1338 313 1392 ³5.
351 1336 589 1395 Horum
636 1286 825 1409 igitur
869 1340 1015 1391 tunc
1053 1332 1423 1391 recordatum
1461 1332 1654 1401 illum,
1693 1334 1911 1391 iratum
1951 1333 2170 1391 dixisse
2205 1334 2346 1391 Pre-

166 1412 383 1488 xaspiz‘
390 1416 521 1472 'Pu
548 1430 713 1471 nunc
732 1428 1021 1506 cognosce
1046 1412 1191 1486 ipse,
1208 1430 1445 1469 verum·
1418 1428 1526 1467 -ne
1539 1411 1735 1469 dicant
1752 1413 1964 1478 Persoe,
1983 1430 2058 1469 an
2083 1413 2238 1471 istud
2255 1415 2348 1469 di-

169 1494 409 1550 “centes
434 1493 731 1567 desipiant
756 1492 905 1563 ipsi:
948 1492 1105 1564 quod
1128 1493 1179 1546 si
1206 1492 1369 1547 enim
1406 1491 1515 1547 filii
1553 1492 1644 1546 tui
1671 1492 1734 1547 iu
1761 1492 1912 1548 atrio
1939 1492 2176 1557 stantis,
2205 1509 2348 1549 con-

167 1566 361 1641 “jecta
384 1572 629 1647 sagitta,
656 1570 921 1629 medium
948 1569 1159 1625 feriere
1184 1586 1306 1635 eor,
1336 1568 1626 1625 constabit
1663 1586 1858 1644 nugas
1881 1570 2073 1627 dicere
2099 1570 2342 1643 Persas3

167 1650 306 1705 “sin
332 1650 703 1714 aberravero,
724 1648 819 1704 dic
836 1648 1163 1723 versiloqui
1190 1648 1417 1715 Persas,
1436 1662 1652 1720 meque
1677 1648 1834 1705 haud
1861 1664 2008 1705 sana
2025 1664 2154 1705 csse
2180 1666 2346 1705 men-

166 1731 200 1759 ⁰‘
220 1730 319 1784 ια’*
404 1730 518 1786 His
558 1728 755 1792 dictis,
782 1727 1100 1783 tetendisse
1140 1742 1375 1783 arcum·
1359 1768 1378 1797 ,
1420 1728 1754 1801 sagittaque
1792 1723 2018 1784 feriisse
2053 1742 2346 1801 puerum·
2325 1766 2344 1783 .

164 1806 247 1879 qui
270 1816 335 1865 ut
358 1808 588 1873 cecidit,
618 1806 804 1863 secari
842 1822 1055 1879 corpus
1085 1803 1291 1875 jussit,
1318 1806 1647 1879 inspicique
1687 1805 1940 1878 vulnus3
1985 1813 2046 1863 et
2069 1823 2259 1881 quum
2285 1808 2346 1865 in

164 1900 246 1939 eor
264 1886 501 1944 intrasse
526 1886 812 1962 sagittam
838 1894 991 1941 esset
1026 1892 1342 1957 repertum,
1371 1884 1564 1939 ridens
1589 1893 1652 1941 et
1675 1898 1854 1958 supra
1891 1885 2138 1943 modum
2175 1886 2346 1960 gavi-

162 1978 264 2030 sus,
292 1972 332 1997 “
356 1964 755 2023 Manifestum
796 1963 1149 2038 cognovisti,
1154 1966 1187 1986 ’¹
1216 1962 1428 2037 inquit,
1461 1968 1500 1994 “
1529 1962 1868 2037 Prexaspes,
1895 1980 2016 2019 non
2056 1982 2156 2021 me
2179 1966 2342 2021 insa·

165 2039 349 2112 “nin-e,
377 2046 477 2101 sed
506 2044 777 2129 desipere
802 2041 1024 2098 Persas.
1080 2042 1259 2098 Nunc
1286 2056 1425 2097 vero
1448 2040 1546 2097 dic
1563 2042 1732 2110 mihi,
1749 2058 2066 2116 quemnam
2095 2051 2166 2101 tu
2184 2044 2348 2101 nosti

165 2119 515 2179 “hominum
542 2118 843 2187 omnium,
868 2121 972 2193 qui
996 2120 1081 2175 ita
1106 2120 1179 2175 ad
1202 2118 1558 2177 destinatum
1583 2121 1782 2197 adigat
1807 2121 2143 2196 sagittam?
2199 2122 2345 2179 Pre-

164 2214 363 2336 ΧἝΡΞᾹ
368 2199 905 2355 mfeugtliemdzffffg
906 2216 993 2333 1‘lile
997 2195 1940 2351 ussdssidestiibiiggniiiffld‘exiggi
1945 2200 2346 2337 segegpoezilsitii

164 2361 197 2395 ‘⁸
218 2364 323 2415 nio.
327 2362 357 2383 ”
434 2360 617 2417 Tunc
656 2358 841 2432 igitur
880 2356 993 2412 hoc
1032 2354 1172 2411 fecit
1212 2357 1573 2430 Cambyses·
1613 2356 1756 2413 alibi
1793 2370 1934 2412 vero
1963 2356 2192 2425 deinde,
2223 2372 2344 2415 non

162 2434 399 2495 dissimili
440 2440 695 2502 ratione,
720 2435 1033 2491 duodecim
1067 2433 1291 2500 Persas,
1318 2435 1484 2491 nulla
1523 2434 1734 2492 idonea
1769 2450 1978 2492 caussa
2013 2435 2344 2506 damnatos,

163 2513 342 2571 vivos
324 2532 563 2575 inverso
594 2513 785 2588 capite
812 2522 967 2569 terra
984 2508 1165 2583 jussit
1188 2512 1409 2569 defodi.

225 2597 307 2651 36.
344 2598 497 2659 Quae
518 2610 709 2671 quum
747 2592 847 2649 ille
872 2599 1149 2666 patraret,
1178 2608 1415 2666 aequum
1436 2591 1666 2649 censuit
1693 2591 1928 2649 Croesus
1954 2590 2160 2669 Lydus
2183 2593 2346 2653 hisce

160 2668 304 2731 illum
324 2674 517 2731 verbis
559 2690 838 2731 monere·
887 2671 1017 2727 “O
1042 2686 1167 2736 rex,
1196 2686 1274 2726 ne
1300 2670 1502 2727 omnia
1531 2668 1694 2726 aetati
1733 2672 1948 2745 iraeque
1988 2672 2340 2747 indulgeas!

161 2753 300 2809 “sed
326 2755 567 2810 contine
596 2759 773 2825 atque
796 2748 1007 2807 cohibe
1036 2756 1097 2806 te
1136 2749 1277 2822 ipse.
1360 2750 1528 2805 Bona
1567 2766 1658 2805 res
1695 2757 1788 2807 est
1831 2750 2234 2824 providentia·
2279 2760 2344 2809 et

160 2830 477 2905 “sapientis
520 2839 635 2898 est,
664 2836 893 2886 rectum
932 2828 1245 2884 consilium
1282 2828 1342 2883 in
1383 2836 1650 2900 tempore
1687 2845 1910 2903 capere.
1989 2830 2066 2885 At
2093 2838 2160 2885 tu
2187 2831 2344 2889 viros

162 2910 433 2978 “occidis,
458 2913 625 2967 cives
652 2916 807 2973 tuos,
836 2906 1007 2963 nulla
1032 2905 1247 2963 idonea
1268 2923 1474 2969 caussa
1499 2907 1848 2979 damnatos,
1893 2908 2166 2981 idemque
2189 2926 2340 2983 pue-

182 2990 307 3046 ‘ros
330 2990 569 3047 occidis.
628 2987 805 3048 Quod
834 2988 883 3042 si
914 2986 1084 3061 plura
1102 2985 1245 3042 talia
1268 2985 1598 3050 admisci-ie,
1625 2985 1756 3043 vide
1779 3004 1853 3043 ne
1876 3002 1914 3041 a
1935 2994 1996 3042 te
2024 2986 2214 3043 Persae
2237 2988 2342 3044 de-

161 3065 415 3126 “ficiant.
496 3067 657 3125 Mihi
682 3082 825 3122 vero
851 3074 1019 3138 pater
1040 3073 1181 3121 tuus
1220 3060 1502 3135 injunxit,
1529 3077 1682 3137 saepe
1719 3064 2094 3139 multumque
2135 3065 2338 3123 borta-
2353 3087 2390 3119 s

162 3147 196 3176 “
216 3152 321 3215 tus,
346 3154 413 3204 nt
433 3155 501 3204 te
528 3161 861 3210 monerem,
890 3140 1115 3216 tibique
1140 3139 1455 3199 consilium
1481 3142 1705 3209 darem,
1725 3143 1774 3197 si
1801 3141 1966 3215 quid,
1991 3142 2150 3217 quod
2175 3161 2210 3201 e
2232 3151 2342 3201 tuo

161 3226 199 3255 “
220 3226 521 3283 commodo
577 3231 749 3290 esset,
790 3219 1151 3296 reperissem.
1154 3224 1185 3244 ”
1268 3221 1403 3277 Hoc
1442 3222 1564 3287 ille,
1599 3218 2062 3279 benevolentiam
2107 3222 2338 3297 signifi·

160 3314 299 3371 cans,
324 3302 645 3363 consilium
668 3300 948 3375 cambysi
969 3300 1165 3369 dedit;
1212 3297 1309 3356 cui
1336 3300 1428 3357 his
1450 3300 1646 3355 verbis
1673 3314 1772 3356 rex
1797 3300 2131 3373 respondit.
2201 3302 2342 3359 ‘Tu

161 3384 383 3440 “etiam
408 3382 565 3439 mihi
590 3379 836 3437 consilia
856 3379 995 3435 dare
1021 3378 1239 3435 audes!
1286 3380 1390 3454 qui
1416 3386 1538 3434 tam
1579 3380 1854 3451 praeclare
1890 3387 2056 3438 tuam
2079 3380 2340 3438 admini-

161 3462 399 3520 ‘'sti-asti
438 3460 718 3535 patriam,
744 3458 1134 3537 praeclareque
1172 3459 1323 3531 patri
1364 3474 1502 3513 meo
1535 3453 1906 3524 consuluisti,
1933 3458 2190 3516 suadens
2220 3460 2338 3527 illi,

161 3540 279 3596 “ut
298 3537 547 3611 trajecto
574 3541 761 3596 Araxe
799 3536 1077 3593 adversus
1104 3536 1472 3611 Massagetas
1497 3536 1762 3601 duceret,
1789 3552 1975 3610 quum
2017 3537 2104 3593 illi
2141 3539 2206 3593 in
2231 3556 2342 3594 no-

158 3618 382 3676 “stram
406 3627 629 3677 terram
656 3617 875 3673 vellent
896 3611 1179 3685 trajicere.
1258 3614 1453 3688 igitur
1477 3620 1538 3669 et
1563 3621 1620 3669 te
1655 3614 1848 3687 ipsum
1877 3616 2202 3688 perdidisti,
2227 3634 2338 3691 pa-

159 3694 335 3753 “triae
376 3700 555 3755 rebus
598 3695 753 3752 inale
794 3692 1248 3762 administratis,
1294 3704 1355 3749 et
1398 3693 1618 3765 Cyrum
1659 3693 1980 3766 perdidisti,
2019 3694 2122 3767 qui
2161 3702 2338 3751 tuum

159 3776 441 3833 “secutus
480 3782 575 3832 est
616 3773 965 3830 consilium:
1008 3771 1107 3827 sed
1150 3771 1305 3827 male
1344 3771 1453 3827 tibi
1497 3772 1610 3827 hoc
1651 3768 1910 3837 cesserit,
1933 3769 2062 3841 jam
2109 3772 2342 3845 pridem

161 3855 197 3883 “
218 3854 365 3911 enim
390 3855 767 3913 occasionem
794 3852 1051 3924 aliquam
1084 3851 1361 3905 adversus
1389 3857 1447 3906 te
1485 3850 1744 3905 nancisci
1777 3851 2120 3924 cupiebam?
2107 3853 2138 3873 '⁹
2219 3850 2338 3909 His

159 3926 324 4000 dictis,
350 3950 552 3991 arcum
598 3930 931 4006 prehendit,
958 3929 1240 4021 sagittam
1276 3929 1337 3984 in
1381 3928 1554 3985 illum
1579 3931 1916 3985 emissurus.
1995 3930 2075 3985 At
2099 3929 2336 3987 Croesus

159 4022 443 4070 conversus
466 4013 635 4069 foras
657 4028 722 4065 se
755 4008 1077 4082 proripuit.
1124 4015 1185 4063 et
1210 4006 1556 4079 Cambyses,
1586 4016 1770 4081 quum
1795 4006 1966 4063 ferire
2005 4006 2174 4065 illum
2215 4026 2338 4067 non

159 4090 441 4159 potuisset,
470 4088 713 4147 famulis
740 4086 1051 4161 imperavit
1074 4093 1147 4143 ut
1183 4086 1542 4159 prehensum
1573 4086 1923 4142 occiderent.
2001 4084 2078 4142 At
2103 4085 2336 4153 famuli,

160 4164 247 4237 qui
274 4168 582 4246 ingenium
622 4166 783 4226 illius
820 4172 1083 4233 nossent,
1106 4165 1409 4225 occultant
1432 4165 1728 4233 Crassum,
1757 4162 1882 4221 hoee
1913 4178 2116 4232 seeum
2157 4183 2334 4242 repu-

1217 4258 1257 4297 Τ
