2925 4992
1118 321 1414 392 tho.
2271 329 2351 386 ⁴7

18 509 21 512 ·
137 487 268 538 rant
297 469 578 558 regiones
599 503 626 554 ς
663 482 1168 558 quemadmodum
1195 501 1352 544 nunc
1377 485 1751 554 Achaeorum,
1776 486 1879 560 qui
1909 483 2085 544 Ionas
2110 483 2357 559 expule-

137 568 298 626 runt,
315 561 634 620 duodecim
666 559 936 637 regiones
959 571 1135 620 sunt:
1167 557 1360 637 prima
1377 563 1633 633 Pellene,
1652 565 1807 622 haud
1835 565 2041 640 procul
2066 561 2309 638 Sicyone
2331 588 2363 634 ς.

136 639 264 695 dein
290 639 538 716 AEgira,
567 649 630 697 et
655 640 854 716 AEgae,
885 643 950 698 in
991 660 1110 717 qua
1149 651 1244 700 est.
1265 642 1500 700 Crathis
1534 643 1725 700 amnis
1763 643 2059 717 perennis,
2087 659 2125 698 a
2150 659 2271 716 quo
2296 651 2359 698 et

135 717 236 774 ille
261 719 328 774 in
343 717 528 775 Italia
551 736 774 776 nomen
797 721 1024 795 accepit.
1041 745 1071 792 ,e
1089 731 1228 778 tum-
1245 719 1427 788 Bura,
1452 729 1515 777 et
1540 720 1768 789 Helice,
1784 723 1847 778 in
1872 739 2059 796 quam
2068 720 2357 796 confuge-

138 804 266 852 rant
293 797 478 854 Iones
505 797 584 854 ab
611 798 840 854 Achaeis
863 801 1068 874 proelio
1093 799 1354 872 superati
1379 823 1394 867 ς
1431 807 1501 864 ,ει
1522 799 1801 874 AEgimu,
1824 811 1885 857 et
1911 800 2219 874 Rypes,.et
2246 799 2360 856 Pa-

137 882 385 943 trenses,
409 883 476 932 et
503 873 854 943 Pharenses,
882 886 944 934 et
971 877 1218 945 Olenus,
1247 877 1310 934 in
1333 895 1454 950 qua
1480 877 1651 934 Pirus
1676 885 1769 934 est
1792 879 1982 935 amnis
2006 879 2219 954 ingens
2236 901 2265 948 3·
2302 887 2367 934 et

139 955 353 1028 Dymae
375 963 439 1012 et
464 955 836 1030 Trytaeenses
856 981 888 1028 3—
919 957 1026 1030 qui
1049 955 1162 1013 soli
1189 974 1274 1014 ex.
1287 955 1414 1012 istis
1442 955 1719 1014 omnibus
1748 953 2176 1014 mediterranea
2198 955 2366 1014 habi„-

219 1114 360 1168 1462
405 1111 524 1170 Hae
549 1121 692 1170 sunt
729 1131 890 1172 nune
913 1114 1220 1172 duodecim
1247 1113 1600 1172 Achaeorum
1630 1116 1921 1191 regiones,
1953 1133 2085 1190 quae
2106 1115 2253 1172 olim
2278 1114 2365 1172 ibi

143 1189 358 1250 Ionum
403 1190 688 1250 fuerant:
723 1211 842 1266 qua
878 1194 1162 1250 nimirum
1201 1192 1274 1250 de
1313 1209 1521 1251 caussa
1546 1194 1725 1251 etiam
1772 1195 1833 1250 in
1862 1193 2365 1252 Asiae-duodecim

144 1270 410 1327 civitates
459 1272 880 1328 confecerunt:
931 1270 1116 1338 Nam,
1155 1289 1281 1328 esse
1326 1272 1438 1328 hos
1482 1273 1673 1347 magis
1718 1270 1891 1330 lonas
1928 1289 2109 1346 quam
2156 1271 2367 1346 reliqui

143 1347 356 1419 Iones,
373 1357 486 1406 aut
525 1350 806 1407 nobiliori
837 1349 1102 1424 quadam.
1130 1351 1309 1426 stirpe
1335 1350 1641 1417 oriundos,
1666 1350 1727 1406 id
1752 1369 1893 1408 vero
1918 1353 2109 1408 dicere
2139 1367 2363 1426 magna

145 1427 304 1484 foret
321 1428 600 1486 stultitia.
681 1427 832 1486 Sunt
855 1429 1010 1486 enim
1035 1429 1250 1486 horum
1273 1429 1517 1502 quidem
1544 1429 1703 1485 haud
1730 1430 1983 1486 min-ima
2006 1447 2138 1503 pars
2165 1430 2365 1486 Aban·-

145 1515 230 1568 tes
253 1525 332 1564 ex
357 1507 620 1574 Euboea,
649 1507 867 1582 quibus
901 1507 1058 1568 nihil
1085 1525 1220 1564 cum
1249 1507 1430 1564 Ionia
1445 1517 1551 1564 aut
1576 1525 1715 1564 cum
1756 1509 1999 1564 nomine
2038 1509 2157 1565 isto
2196 1525 2363 1564 com-

145 1603 336 1660 mnne⁶
351 1593 486 1642 est:
529 1585 778 1644 admixti
817 1603 992 1659 porro
1015 1586 1100 1642 eis
1127 1595 1264 1644 sunt
1301 1586 1533 1659 Minyae
1558 1586 1962 1652 Orchomenii,
1992 1593 2053 1642 et
2092 1585 2369 1654 Cadmeiq

147 1671 202 1723 et
225 1665 530 1738 Dryopes,
559 1673 622 1722 et
645 1661 997 1731 Phocenses,
1027 1665 1130 1739 qui
1153 1683 1190 1720 a
1215 1663 1599 1738 popularibus
1624 1664 1745 1720 suis
1772 1681 1837 1720 se
1866 1661 2369 1735 sejunxemnt,.et

145 1743 422 1811 Molossi,
451 1750 512 1798 et
538 1743 789 1800 Arcades
815 1743 1071 1819 Pelasgi,
1099 1749 1160 1799 et
1186 1737 1507 1798 Dorienses
1530 1741 1837 1815 Epidaurii
1866 1768 1881 1814 ;
1928 1744 2188 1816 denique
2210 1742 2373 1800 mul·-

145 1830 220 1880 tae
243 1821 384 1878 aliae
413 1831 624 1897 gentes
664 1821 780 1880 illis
819 1823 1086 1883 inmixtae
1117 1829 1278 1878 sunt.
1355 1821 1645 1883 Quizvero
1670 1839 1876 1879 eorum
1904 1839 1979 1878 ex
2004 1822 2367 1879 Athenarum

148 1909 434 1978 prytaneo
483 1910 624 1958 sunt
671 1899 940 1974 profecti,
982 1900 1450 1973 nobilissimique
1496 1911 1810 1958 censentur
1854 1914 1981 1958 esse
2027 1901 2267 1968 Ionum,
2300 1899 2367 1956 hi

148 1997 284 2050 vero
312 1997 532 2036 uxores
569 1995 773 2036 secum
805 1980 870 2036 in
897 1979 1192 2036 coloniam
1234 1997 1352 2036 non
1390 1978 1774 2047 adduxerant,
1801 1980 1901 2036 sed
1928 1980 2163 2036 Caricas
2186 1977 2367 2036 habe·-

151 2057 302 2116 bant
335 2075 588 2124 uxores,⁴
603 2074 851 2132 quarum
884 2065 1154 2132 parentes
1189 2057 1543 2115 occiderant.
1624 2059 1821 2122 Quam
1858 2059 1937 2116 ob
1974 2059 2197 2116 eaedem
2228 2073 2365 2116 mu-

148 2137 318 2196 lieres
360 2137 460 2194 hae
499 2136 698 2212 legem
737 2137 869 2204 sibi,
903 2137 1248 2208 juramento
1293 2136 1612 2206 firmatam,
1644 2138 2072 2211 imposuerunt,
2101 2136 2368 2195 filiabus-

150 2233 262 2290 que
289 2215 422 2274 suis
447 2215 840 2282 tradiderunt,
857 2234 934 2272 ne
963 2232 1248 2289 umquam
1285 2233 1422 2272 cum
1449 2216 1679 2272 maritis
1706 2223 1983 2292 caperent
2012 2216 2237 2284 cibum,
2262 2231 2371 2272 nec

31 2356 36 2360 ,
151 2294 440 2352 maritum
467 2311 646 2350 suum
687 2295 810 2352 ulla
847 2295 1088 2352 nomine
1129 2294 1541 2368 compellaret3
1588 2295 1737 2350 hanc
1774 2296 1853 2352 ob
1894 2311 2181 2361 caussam,
2208 2293 2367 2369 quod

151 2373 422 2447 ipsarum.
459 2380 732 2446 parentes
767 2374 1128 2448 meritosque
1151 2382 1218 2429 et
1237 2373 1454 2430 liberos
1484 2373 1571 2430 illi
1596 2373 1970 2440 occidissent,
1998 2380 2061 2430 et
2085 2373 2222 2430 dein
2263 2389 2371 2447 pa·

151 2461 306 2514 trato
333 2451 454 2510 hoc
481 2451 740 2510 facinore
767 2452 920 2526 ipsas
945 2451 1246 2509 duxissent
1270 2469 1499 2508 uxores.
1572 2451 1719 2508 Hasc
1742 2451 2123 2510 Mileti-facta
2146 2457 2329 2522 erant.

231 2529 375 2590 147.
417 2530 618 2606 Reges
645 2539 847 2588 autem
879 2529 1002 2588 sibi·
1031 2532 1481 2598 constituerant,
1510 2531 1609 2586 alii
1632 2529 1869 2607 Lycios,
1898 2550 1935 2586 a
1960 2529 2370 2604 Glaucoflip-

153 2610 400 2686 polochi
446 2609 572 2666 filio
618 2609 926 2680 sniumlos3
987 2604 1088 2666 alii
1131 2610 1438 2666 Cauconas
1486 2609 1705 2684 Pylios,
1747 2628 1787 2666 a
1828 2609 2025 2670 Codro
2070 2609 2369 2669 melanthi

155 2689 316 2746 filio:
363 2687 471 2746 alii
511 2705 592 2744 ex.
629 2695 880 2762 utroque
919 2705 1152 2762 genere.
1229 2687 1557 2746 Enimvero
1598 2705 1823 2746 nomen
1870 2689 1932 2744 hi
1976 2695 2217 2747 tuentur
2260 2687 2369 2744 ali·-

155 2775 384 2842 quanto
411 2767 604 2824 aerius
629 2784 807 2840 quam
837 2768 1044 2841 reliqui
1069 2763 1258 2824 Iones.
1313 2765 1458 2824 Sunt
1484 2783 1625 2824 vero
1646 2767 1823 2826 etiam
1850 2764 1971 2841 ipsi-
1986 2767 2243 2824 maxime
2266 2784 2371 2843 ge·

155 2847 324 2906 nuini
342 2845 558 2902 Iones:
591 2855 730 2904 sunt
758 2855 965 2904 tamen-
979 2845 1150 2904 lones
1175 2863 1404 2912 omnes,
1427 2845 1785 2920 quicumque
1806 2864 1883 2902 ex
1906 2847 2102 2902 Attica
2127 2843 2369 2902 oriundi

157 2932 314 2992 sunt,
355 2933 418 2982 et
457 2924 744 2998 Apaturia
775 2925 1125 2992 celebrant:
1153 2923 1452 2981 celebrant
1478 2931 1675 2980 autem
1724 2925 1837 2981 hoc
1879 2924 2099 2980 festum
2140 2941 2374 2990 omnes,

157 3004 431 3080 exceptis
468 2999 740 3076 Ephesiis
787 3013 848 3062 et
889 3001 1310 3077 Colophoniis;
1366 3003 1428 3058 hi
1465 3003 1628 3058 enim
1674 3003 1785 3058 soli
1828 3021 1900 3059 ex
1941 3002 2189 3060 Ionibus
2214 3003 2373 3078 Apa·

157 3084 314 3142 turia
341 3099 464 3142 nou
495 3081 814 3150 celebrant,
840 3082 1014 3156 idque
1037 3081 1316 3138 obaeaedis
1342 3076 1587 3150 alicujus
1614 3081 1867 3154 culpam.

235 3164 382 3220 148.
421 3159 534 3222 Est
569 3169 768 3218 autem
811 3161 1165 3218 Panionium
1207 3177 1369 3217 sacer
1406 3161 1573 3216 locus
1614 3159 1885 3234 Mycalae,
1914 3159 2371 3233 septentrionem

160 3239 802 3316 spectans‚·communi.
831 3239 1048 3298 Ionum
1087 3239 1336 3296 consilio
1375 3237 1661 3314 Neptuno
1702 3239 2015 3296 Heliconio
2050 3238 2373 3300 dedicatus.

157 3317 401 3396 Mycale
438 3326 640 3376 autem
681 3317 1268 3393 promontorium-est
1299 3317 1673 3383 continentis,
1702 3317 1777 3373 ab
1802 3317 2105 3390 occidente
2130 3316 2375 3374 Samum

161 3417 370 3458 versus
408 3403 796 3472 porrectum..
848 3395 986 3455 Huc
1019 3397 1436 3454 convenientes
1461 3414 1495 3451 e
1522 3391 1856 3453 civitatibus
1896 3395 2175 3454 omnibus
2200 3392 2375 3454 Iones

161 3477 382 3536 festum
414 3475 810 3542 celebrabant,
837 3475 1000 3550 quod·
1031 3475 1318 3532 Panionia
1357 3474 1768 3545 nominabant.
1849 3475 2089 3534 Habent
2126 3476 2243 3532 hoc
2269 3492 2375 3531 au-

163 3567 286 3614 tem
328 3573 472 3614 non.
499 3555 692 3617 solum
733 3553 954 3615 Ionum
998 3553 1172 3620 festa,
1197 3552 1301 3611 sed
1343 3554 1522 3610 etiam
1566 3553 1905 3610 Graecorum
1953 3552 2259 3612 omnium·
2308 3562 2377 3610 ut

163 3653 376 3694 eorum
402 3633 654 3692 nomin-a
688 3634 751 3690 in
787 3632 1058 3708 eamdem
1079 3630 1356 3688 desinant
1395 3632 1647 3697 literam,
1675 3631 2171 3706 quemadmodum
2198 3596 2377 3688 et’iar'n

163 3713 480 3776 Persarum
513 3711 774 3770 nomina.
854 3707 970 3768 Hae
993 3711 1198 3786 igitur,
1226 3727 1370 3784 quas
1394 3705 1539 3777 dixi,
1568 3709 1786 3768 Ionum
1815 3711 2267 3768 sunt-civitates

249 3798 384 3851 149.
427 3787 686 3866 AEolides
713 3807 853 3848 vero
891 3790 1159 3846 civitates
1190 3789 1286 3846 hae
1323 3795 1501 3846 sunt:
1548 3787 1771 3862 Cymae,
1809 3789 2113 3846 Phr-iconis
2154 3803 2380 3862 cogno-

166 3871 422 3938 minata,
460 3870 736 3936 Larissae,
772 3865 1122 3932 Neotichos,
1149 3867 1432 3932 Temnus,
1476 3866 1661 3933 Cilla,
1695 3867 1971 3934 Notium,
2013 3863 2378 3942 AEgiroessa',

167 3949 404 4016 Pitane,
445 3948 698 4024 AEgaeae,
735 3942 991 4020 Myrina,
1033 3947 1302 4020 Grynea:
1361 3945 1460 4002 11ae
1506 3955 1641 4002 sunt
1684 3945 1961 4004 undecim
2010 3943 2380 4004 AEolensium

171 4029 440 4088 civitates
485 4029 786 4102 antiquae:
833 4043 956 4082 una
996 4025 1158 4082 enim
1197 4025 1280 4080 eis
1323 4023 1561 4080 ademta
1604 4032 1693 4080 est
1729 4042 1765 4080 a
1811 4023 2084 4090 IonibuS,
2114 4022 2383 4100 Smyrna.

171 4107 440 4170 Fuerant
461 4107 622 4182 enim
647 4113 710 4162 et
739 4103 838 4164 hae
875 4103 1140 4160 civitates
1171 4101 1505 4170 duodecim,
1532 4101 1595 4159 in
1618 4101 1951 4160 continente
1990 4119 2195 4160 omnes
2232 4103 2381 4160 sitae.

179 4183 466 4250 Colebant
515 4195 724 4248 autem
773 4183 848 4244 hi.
891 4179 1199 4242 AEolenses
1251 4177 1573 4260 regionem,
1621 4181 1717 4238 cui
1764 4179 1987 4240 solum'
2010 4179 2385 4260 praestantius
