2925 4992
1114 331 1482 393 URANIA.
2273 334 2391 389 379

162 496 230 537 -“
259 492 587 549 exercitus:
626 498 695 549 ,et
722 507 825 565 per
850 490 1067 547 ducum
1092 489 1552 564 imprudentiam
1592 489 1850 563 peritura
1875 496 1964 547 est
1989 488 2230 546 Graecia.
2310 492 2388 547 At

170 576 233 639 “5
261 582 359 636 ut,
389 570 441 625 si
482 586 601 645 qua
645 568 740 626 via
778 577 883 625 aut
928 568 1075 625 ratio
1108 578 1397 643 superest,
1440 584 1641 643 perge,
1671 576 1750 634 et,
1779 586 1914 642 quae
1953 568 2182 625 decreta
2223 578 2384 637 sunt,

184 655 232 680 “
266 666 511 721 operam
558 648 635 704 da
658 656 731 705 ut
760 648 1091 715 rescindas3
1136 648 1187 705 si
1242 647 1586 721 persuadere
1627 647 1876 704 fortasse
1919 646 2240 721 Eurybiadi
2281 664 2387 721 po-

184 733 235 759 “
262 728 471 791 tueris,
498 734 567 783 ut
592 735 825 785 mutato
852 726 1097 782 consilio
1120 726 1219 783 hic
1244 729 1530 783 maneat.'’

270 810 372 862 58.
415 804 803 864 Themistocli
828 804 1147 863 admodum
1173 804 1397 878 placuit
1430 800 1760 862 monitum:
1803 802 1928 879 qui,
1951 804 2116 863 nullo
2153 804 2228 861 ad
2267 805 2392 861 hoec

182 902 477 959 responso
504 885 663 948 dato,
692 884 765 941 ad
792 882 1141 957 Eurybiadis
1186 900 1397 940 navem
1438 884 1708 957 perrexit.
1789 884 1926 946 Quo
1968 884 2074 939 ubi
2113 884 2294 951 venit,
2324 886 2392 939 de

184 964 557 1021 communibus
598 963 777 1029 rebus,
805 962 909 1028 ait,
934 978 991 1018 se
1039 961 1252 1035 aliquid
1292 980 1411 1019 cum
1453 962 1554 1019 illo
1593 966 2106 1019 communicaturum
2124 984 2144 1016 .·
2183 972 2242 1019 et
2269 963 2390 1030 ille,

184 1045 239 1099 si
288 1043 429 1117 quid
474 1060 673 1099 secum
720 1041 919 1107 vellet,
948 1056 1157 1097 navem
1206 1058 1373 1097 suam
1398 1040 1806 1097 *conscendere
1850 1058 1982 1097 eum
2021 1037 2218 1111 jussit.
2297 1041 2391 1097 lbi

184 1132 323 1179 tum
350 1121 671 1194 Eurybiadi
696 1119 962 1177 adsidens
988 1118 1434 1186 Themistocles,
1460 1127 1520 1175 et
1546 1120 1744 1175 omnia
1777 1122 1888 1175 ista
1913 1138 2046 1193 quae
2069 1138 2142 1175 ex
2167 1119 2389 1177 Mnesi-

184 1200 359 1275 philo
406 1200 733 1265 audiverat,
784 1207 1085 1271 tamquam
1130 1214 1258 1267 sua,
1300 1198 1594 1273 exposuit,
1631 1208 1690 1254 et
1736 1198 1925 1255 multa
1973 1198 2090 1255 alia
2137 1198 2384 1270 adjecit3

184 1280 380 1335 donec
406 1279 673 1351 precibus
698 1294 835 1333 eum
864 1278 1247 1351 expugnavit,
1272 1286 1341 1333 ut
1368 1294 1521 1334 nave
1559 1277 1955 1352 egrederetur,
1983 1285 2046 1333 et
2086 1278 2146 1333 in
2189 1279 2390 1335 conci-

184 1360 341 1415 lium
370 1358 587 1414 iterum
612 1362 961 1413 convocaret
987 1357 1183 1411 duces·

272 1438 369 1491 59.
412 1435 531 1497 Qui
570 1435 677 1491 ubi
714 1442 1141 1500 convenerunt,
1170 1434 1512 1507 priusquam
1552 1452 1700 1501 rem,
1727 1430 1819 1506 cuj
1829 1453 1895 1491 us
1936 1452 2137 1493 caussa
2173 1454 2393 1494 convo-

182 1516 307 1573 cati
335 1514 511 1571 duces
540 1521 727 1578 erant,
756 1512 1119 1587 Eurybiades
1148 1523 1525 1586 proponeret,
1556 1514 2228 1571 multos‘Themistocles
2255 1517 2396 1573 feeit

185 1610 513 1661 sermones,
538 1592 705 1649 enixe
746 1591 1043 1666 flagitans.
1120 1592 1314 1653 Quem
1356 1592 1668 1648 interfatus
1708 1594 2050 1649 Corinthius
2096 1594 2214 1651 dux
2254 1595 2392 1651 Adi-

131 1659 143 1679 *
184 1680 453 1739 mantue,
497 1669 672 1745 Ocyti
717 1670 909 1727 filius:
958 1676 1000 1702 “
1030 1670 1455 1727 Themistocles
1469 1669 1530 1727 .!”
1573 1666 1786 1743 inquit,
1831 1678 1874 1702 “
1903 1672 1962 1727 in
2003 1673 2395 1730 certaminum

187 1758 235 1784 “
260 1750 651 1816 solemnibuS,
699 1750 803 1823 qui
850 1755 989 1805 ante
1031 1757 1263 1822 tempus
1310 1756 1586 1824 surgunt,
1635 1747 1831 1825 flagris
1881 1750 2235 1806 caeduntur.”
2315 1752 2396 1809 Et

190 1831 319 1898 ille,
345 1830 439 1886 sui
478 1828 771 1903 purgandi
816 1844 1045 1895 caussa,
1074 1829 1191 1883 ait:
1237 1833 1281 1859 “
1306 1826 1402 1895 At,
1431 1829 1534 1901 qui
1579 1844 1728 1901 pone
1773 1837 2041 1896 manent,
2070 1847 2186 1885 non
2225 1846 2394 1886 coro-

192 1916 239 1941 “
269 1911 547 1965 nantur.”

276 1993 376 2045 60.
417 1988 509 2043 lta
535 1994 677 2045 tunc
718 1988 955 2061 quidem
996 1985 1223 2061 placide
1262 1984 1555 2060 respondit
1583 1986 1912 2045 Corinthio.
1993 1988 2082 2044 Ad
2105 1986 2395 2061 Eurybia-

194 2069 337 2125 dem
364 2077 503 2123 vero
530 2083 869 2141 conversus,
895 2066 1044 2122 nihil
1076 2061 1203 2137 jam
1230 2083 1433 2123 eorum
1479 2066 1635 2122 dixit
1677 2084 1810 2140 quae
1851 2073 1990 2123 ante
2031 2077 2396 2140 exposuerat,

188 2150 496 2221 dispersum
535 2147 609 2201 iri
654 2148 844 2212 socioe,
865 2148 914 2202 si
940 2145 1222 2202 Salamine
1257 2146 1568 2202 solvissent:
1609 2146 1847 2212 etenim,
1873 2148 2255 2219 praesentibus
2299 2165 2396 2203 so-

192 2227 323 2291 ciis,
353 2224 523 2281 nullo
548 2224 727 2281 modo
754 2224 790 2280 d
900 2241 1033 2281 rum
1058 2238 1182 2281 erat
1207 2233 1273 2280 ut
1302 2241 1401 2280 eos
1438 2233 1750 2280 accusaret.
1831 2226 1940 2279 Sed
1968 2224 2144 2280 aliam
2171 2226 2400 2282 dicendi

192 2304 483 2361 rationem
508 2310 731 2369 tenens,
754 2242 1109 2437 ffiooutus
1148 2311 1272 2359 est:
1323 2302 1432 2377 (1.)
1479 2308 1520 2333 “
1548 2301 1730 2358 Penes
1771 2308 1828 2357 te
1869 2320 2028 2357 nunc
2054 2310 2141 2358 est
2169 2320 2400 2359 servare

164 2392 237 2429 -“
270 2383 585 2448 Graeciam,
614 2382 664 2437 si
692 2400 753 2438 m
938 2380 1249 2437 consilium
1290 2388 1548 2445 secutus,
1575 2378 1666 2435 hie
1695 2396 1942 2436 manens
1983 2398 2246 2455 pugna-m
2295 2400 2399 2439 na-

194 2470 241 2496 “
266 2460 461 2517 valem
488 2460 877 2524 commiseriS,
906 2475 1094 2532 neque
1134 2458 1227 2515 his
1265 2476 1493 2516 morem
1519 2459 1770 2533 gesseris
1803 2459 1940 2533 qui,
2021 2477 2120 2515 ves
2143 2461 2216 2516 ad
2244 2460 2400 2516 Isth-

196 2546 241 2575 “
269 2557 441 2595 mum
486 2539 909 2613 promovendas
958 2554 1083 2594 esse
1124 2539 1510 2595 contendunt.
1591 2538 1804 2610 Accipe
1845 2463 2030 2672 εηᾷ
2056 2546 2114 2594 et
2157 2539 2400 2597 alteram

197 2627 241 2653 “
271 2618 443 2675 alteri
488 2618 702 2673 rationi
752 2634 1008 2691 oppone.
1091 2616 1182 2672 Ad
1232 2617 1526 2673 Isthmum
1574 2634 1836 2691 pugnam
1887 2633 1956 2672 co
2024 2618 2288 2684 mittens,
2341 2618 2400 2674 in

163 2705 240 2743 -“
270 2704 474 2771 aperto
526 2696 678 2753 mari
718 2696 1037 2771 pugnabis,
1083 2712 1203 2769 quo
1242 2697 1488 2753 minime
1539 2696 1712 2752 nobis
1759 2696 2057 2761 conducit,
2102 2698 2408 2772 graviores

197 2785 240 2811 “
274 2792 457 2832 naves
487 2774 855 2841 habentibuS,
884 2782 945 2831 et
985 2790 1236 2830 numero
1277 2775 1598 2849 pauciores.
1679 2772 1860 2830 Porro
1889 2776 2250 2833 Salaminem
2271 2792 2403 2851 per-

196 2863 240 2890 “
270 2854 375 2911 des
382 2895 401 2921 ‚
448 2861 508 2909 et
546 2853 809 2928 Megara,
854 2862 913 2909 et
950 2853 1257 2927 AEginam,
1286 2852 1516 2909 etiamsi
1557 2854 1913 2925 caeteroquin-
1949 2853 2200 2910 feliciter
2233 2854 2402 2912 nobis

196 2942 239 2969 ‘¹
272 2951 365 2991 res
392 2942 544 2989 esset
579 2948 829 2989 cessura.
910 2930 1071 2987 Nam
1114 2930 1361 2987 classem
1398 2938 1710 2987 secuturus
1747 2939 1838 2988 est
1877 2930 2154 3006 pedestris
2183 2936 2405 2991 exerci-

197 3021 244 3047 “
271 3021 393 3077 tus,
420 3003 681 3083 adeoque
706 3018 776 3079 tu
804 3011 927 3083 ipse
950 3010 1083 3067 illos
1107 3009 1168 3064 in
1188 3010 1663 3083 Peloponnesum
1686 3009 1939 3075 duxeris,
1963 3010 2411 3087 periculumque

199 3100 245 3125 “
272 3078 467 3147 fuerft'
494 3097 563 3145 ut
600 3089 935 3145 universam
975 3086 1179 3162 perdas
1208 3088 1516 3145 Graeciam.
1599 3092 1778 3144 60.&
1821 3088 1924 3143 Sin
1951 3106 2080 3161 quae
2119 3107 2232 3164 ego
2273 3093 2408 3149 dico

195 3178 246 3204 “
278 3169 510 3233 feceris,
556 3169 682 3225 haee
726 3168 787 3223 in
836 3168 955 3223 illis
1001 3166 1311 3224 commoda
1352 3167 1625 3241 reperies.
1702 3166 1970 3223 Primum
2018 3168 2252 3241 quidem
2280 3194 2298 3227 ε
2341 3170 2406 3227 in

197 3256 243 3283 “
274 3255 535 3322 angusto
576 3246 727 3301 mari
772 3242 1156 3321 confligentes
1200 3247 1401 3319 paucis
1442 3246 1697 3301 navibus
1743 3246 2016 3301 adversus
2065 3248 2303 3315 multas,
2355 3250 2406 3305 si

198 3336 243 3361 “
282 3325 505 3383 rationi
530 3332 951 3382 consentaneus
978 3326 1175 3380 exitus
1198 3323 1377 3383 fuerit
1402 3342 1644 3399 pugnae,
1675 3326 1861 3381 multo
1897 3325 2114 3381 erimus
2143 3329 2406 3400 superio-

199 3413 246 3440 “
278 3422 389 3462 res.
471 3400 627 3461 Nam
654 3404 716 3459 in
742 3410 997 3478 angusto
1034 3404 1297 3476 praelium
1342 3404 1552 3461 navale
1585 3405 1796 3469 facere,
1827 3420 1932 3476 pro
1973 3406 2144 3461 nobis
2171 3416 2297 3476 est;
2345 3408 2408 3463 in

199 3490 244 3519 ‘¹
278 3490 485 3558 aperto
507 3500 669 3547 vern,
699 3499 804 3555 pro
829 3483 963 3539 illis.
1043 3482 1271 3539 Deinde
1299 3482 1550 3540 Salamis
1574 3490 1856 3551 servatur,
1891 3484 1951 3537 in
1984 3499 2101 3555 qua
2126 3500 2234 3541 nos
2263 3486 2409 3542 libe-

199 3570 244 3595 “
274 3579 370 3619 ros
400 3568 630 3617 nostros
660 3570 717 3616 et
747 3577 955 3617 uxores
994 3560 1389 3633 deposuimus,
1471 3560 1628 3617 Tum
1667 3578 1808 3616 vero
1835 3562 2012 3617 etiam
2040 3563 2182 3619 illud
2212 3566 2272 3619 in
2300 3564 2410 3619 hac

202 3648 251 3676 “
284 3641 511 3698 ratione
538 3640 895 3703 continetur,
926 3639 1082 3713 quod
1110 3640 1371 3712 inprimis
1414 3640 1582 3695 vobis
1621 3640 1782 3695 cordi
1809 3648 1932 3695 est:
1976 3659 2136 3709 nam,
2165 3640 2256 3699 hic
2281 3660 2409 3697 ma-

200 3727 250 3754 “
279 3740 319 3777 n
400 3736 447 3784 ο,
476 3719 695 3790 pariter
722 3736 825 3791 pro
850 3718 1262 3791 Peloponneso
1285 3718 1598 3792 pugnabiS,
1625 3726 1802 3791 atque
1822 3720 1897 3775 ad
1921 3719 2213 3775 isthmum
2237 3746 2254 3791 3
2302 3737 2416 3779 nec

200 3806 246 3831 “
276 3818 317 3853 v
514 3814 600 3861 os,
630 3798 675 3852 si
700 3798 979 3870 sapueris,
1010 3798 1070 3851 in
1112 3796 1590 3872 Peloponnesum
1631 3797 1827 3853 duces.
1909 3802 2002 3854 60.
2027 3804 2082 3853 3.
2125 3799 2234 3855 Sin.
2255 3801 2414 3872 quod

200 3885 250 3911 “
280 3895 315 3933 e
522 3893 623 3931 ero
688 3876 970 3941 evenerit,
1024 3891 1339 3948 pugnaque
1384 3876 1576 3929 navali
1615 3875 1947 3944 vicerimus,
1989 3885 2137 3932 tunc
2179 3894 2286 3933 nec
2338 3879 2415 3935 ad

199 3962 245 3988 “
274 3954 572 4011 Isthmum
600 3948 771 4010 v'obis
800 3954 1049 4009 aderunt
1077 3953 1342 4019 Barbari,
1363 3972 1473 4010 nec
1497 3954 1649 4009 ultra
1668 3957 1923 4013 Atticam
1948 3954 2412 4029 progredientur,

198 4042 243 4069 “
274 4034 379 4091 sed
406 4032 713 4089 incondita
733 4032 881 4107 fuga
904 4050 965 4087 se
994 4030 1310 4106 recipient;
1356 4032 1839 4107 lucrabimurque
1873 4042 2102 4089 servata
2140 4034 2410 4112 Megara,

196 4118 251 4151 “
280 4120 345 4170 et
368 4112 685 4189 AEginam,
714 4118 775 4166 et
816 4109 1196 4177 Salaminem,
1244 4109 1318 4165 ad
1368 4128 1548 4183 quam
1600 4128 1715 4168 nos
1764 4111 2030 4166 hosti-bus
2085 4117 2414 4187 superiores

195 4198 241 4229 “
269 4208 401 4249 esse
426 4191 657 4249 futuros
685 4188 1139 4291 oraculosetiam
1181 4188 1529 4325 pgaedicgum
1557 4199 1662 4245 est.
1749 4188 1889 4248 Jam-
1915 4190 2154 4250 consilia
2196 4194 2416 4255 rationi

1304 4284 1338 4324 c

2503 2592 2638 2637 ⁴3·-

2482 2601 2640 2745 ‘a
