2925 4992
590 339 709 391 380
1146 332 1642 391 HERODOTI
1703 332 2062 392 HISTOR.
2107 336 2273 393 vm.

596 501 636 526 “
669 500 1055 549 consentanea
1084 491 1449 563 capientibus
1479 492 1816 550 hominibus
1841 494 2033 550 solent
2075 494 2420 567 plerumque
2447 492 2612 549 etiam
2635 509 2749 549 con-

596 578 635 607 “
664 578 947 627 sentanea
988 572 1255 628 evenire:
1300 571 1391 625 sin
1434 578 1639 627 contra
1679 573 1966 629 rationem
2013 573 2352 637 consulunt,
2377 588 2450 627 ne
2479 572 2627 629 Deus
2647 573 2751 646 qui-

596 658 635 683 “
668 651 801 705 dem
830 650 1107 707 humanis
1134 649 1441 705 sententiis
1468 651 1738 707 accedere
1767 656 1986 707 amat.’'

674 734 767 784 61.
810 728 959 783 Haec
1004 729 1110 785 ubi
1150 728 1572 784 Themistocles
1623 730 1794 795 dixit,
1847 730 2060 786 iterum
2111 730 2170 785 in
2213 748 2349 785 eum
2393 731 2648 785 invectus
2687 738 2758 782 est

596 807 934 863 Corinthius
962 809 1351 877 Adimantus3
1398 813 1575 883 tacere
1588 804 1806 877 jubens
1842 812 2018 864 virum
2047 812 2136 863 cui
2162 810 2318 864 nulla
2354 818 2428 864 stt
2460 811 2651 881 patria,
2673 825 2758 861 ve-

595 895 845 959 tansque
888 886 1288 960 Eurybiadem
1334 884 1612 961 suffragia
1649 904 1858 961 rogare
1899 904 2076 961 super
2113 890 2408 943 sententia
2441 888 2514 943 ab
2553 886 2762 943 homine

598 966 799 1022 exsule
823 966 1159 1039 proposita3
1210 965 1425 1037 quando
1464 968 1606 1021 enim
1643 968 1888 1039 patriam
1925 968 2200 1022 ostendere
2233 966 2604 1022 Themistocles
2622 972 2758 1039 potn-

598 1047 727 1108 erit,
760 1050 889 1099 trane
912 1045 1126 1099 demum
1164 1046 1217 1099 ei
1262 1045 1473 1100 licitam
1497 1043 1631 1119 fore
1668 1050 1958 1101 sententias
1980 1064 2101 1101 crem
2139 1046 2266 1101 aliis
2303 1044 2562 1119 conjbrre.
2641 1043 2762 1099 Haec

600 1126 658 1179 in
684 1138 823 1179 eum
844 1123 1005 1179 dicta
1030 1119 1297 1197 projecit,
1325 1122 1481 1197 quod
1519 1132 1708 1197 captoe
1747 1124 2014 1180 Athenoe·
2043 1126 2103 1179 in
2150 1124 2408 1179 hostium
2451 1133 2636 1180 essent
2675 1138 2761 1192 po-

596 1209 826 1258 testate.
902 1202 1059 1259 Tum
1088 1220 1228 1258 vero
1252 1202 1680 1259 Themistocles
1707 1211 1768 1259 et
1791 1203 1960 1259 iilum
2001 1211 2060 1258 et
2101 1204 2438 1259 Corinthios
2477 1201 2666 1259 multis
2689 1200 2762 1254 iu-

594 1288 849 1338 sectatus
894 1281 1239 1346 maledictis,
1284 1281 1508 1337 ratione
1553 1282 1636 1337 eis
1679 1282 2130 1346 demonstravit,
2175 1288 2228 1335 et
2273 1283 2460 1337 urbem
2501 1288 2556 1336 et
2595 1288 2760 1335 terram

597 1359 1009 1417 Atheniensibus
1046 1361 1382 1434 anzpliorem,
1412 1378 1576 1431 quam
1617 1362 1747 1427 illis,
1772 1378 1900 1428 esse,
1923 1362 2178 1433 quamdiu
2212 1362 2470 1417 ducentas
2511 1360 2761 1415 habuerint

596 1456 759 1495 naves
786 1442 1119 1506 instructas,-
1158 1439 1373 1495 nullum
1412 1441 1554 1495 enim
1589 1440 1834 1495 Graecum
1858 1440 2138 1513 populum,
2169 1458 2326 1513 quem
2363 1442 2622 1503 adierint,
2651 1440 2762 1509 ipsos
2828 1511 2839 1520 “

596 1535 705 1574 esse
730 1518 1091 1591 repulsurum.

676 1598 769 1653 62.
815 1596 959 1655 Haec
996 1603 1311 1689 postquam
1356 1596 1727 1672 significavit,
1755 1596 1827 1654 ad
1871 1598 2266 1671 Eurybiadem
2305 1603 2642 1653 convertens
2671 1610 2766 1649 ser-

596 1692 863 1741 monem,
892 1679 1115 1747 majore
1142 1672 1486 1731 incitatione
1511 1676 1630 1731 ait:
1682 1677 1806 1733 “'l
1809 1694 1842 1730 u
1875 1676 1926 1732 si
1951 1674 2047 1733 hic
2069 1694 2293 1741 manes,
2320 1677 2532 1751 hicque
2551 1688 2762 1735 manens

596 1760 644 1787 “
672 1755 886 1811 fortem
912 1762 971 1811 te
997 1756 1187 1811 virum
1232 1760 1491 1827 prmius,
1522 1763 1674 1809 recte
1699 1754 1943 1826 feceris,
1990 1756 2040 1811 si
2069 1772 2210 1822 non,
2239 1752 2530 1811 Graeciam
2561 1758 2764 1807 evertes.

624 1834 828 1890 ‘Nam
858 1850 1089 1890 summa
1132 1834 1267 1889 belli
1304 1833 1516 1889 nobis
1502 1851 1564 1889 m
1593 1834 1841 1890 navibus
1865 1835 2128 1890 vertitur.
2207 1834 2303 1891 'lu
2329 1840 2473 1890 'vero
2500 1831 2636 1889 mihi
2659 1846 2762 1885 mo-

624 1922 795 1968 ‘rem
823 1929 983 1987 gere.
1066 1912 1134 1969 Id
1166 1909 1230 1967 ni
1258 1912 1485 1977 feceriS,
1515 1928 1618 1966 nos
1655 1913 1892 1985 quidem
1923 1932 1955 1968 e
1981 1914 2254 1989 vestigio,
2286 1912 2536 1987 receptis
2561 1908 2761 1969 nostru,

624 1991 820 2045 ‘Sirin
854 1992 1306 2061 proficiscemur,
1336 1990 1528 2046 ltabae
1543 1990 1774 2057 urbem
1795 1987 1920 2062 jam
1947 1993 2271 2065 antiquitus
2301 2002 2589 2054 nostram,
2615 2004 2761 2061 quam

622 2078 704 2123 ‘a
730 2068 895 2125 nobis
922 2069 1363 2125 instaurandam
1402 2086 1532 2125 esse
1571 2071 1808 2124 oracula
1845 2070 2027 2127 etiam
2067 2071 2306 2127 dicunt.
2347 2090 2458 2127 vos
2485 2084 2634 2133 vero,
2657 2064 2760 2121 tali-

624 2147 783 2202 ‘bus
810 2147 985 2202 sociis
1010 2148 1240 2220 privati,
1273 2164 1479 2202 eorum
1507 2164 1638 2220 quae
1663 2147 1792 2203 dixi
1819 2150 2292 2207 reminiscemini.

675 2230 769 2283 63.
813 2224 925 2281 His
972 2243 1009 2281 a
1054 2225 1453 2282 Themistocle
1497 2226 1670 2282 dictis
1721 2228 1966 2284 meliora
2009 2228 2252 2313 εὐρώς
2301 2227 2656 2301 Eurybiades
2677 2231 2759 2279 eet.

594 2305 675 2361 Et
702 2305 957 2361 maxime
984 2304 1222 2379 quidem
1264 2322 1335 2361 eo
1382 2306 1533 2361 mihi
1566 2305 1794 2361 videtur
1820 2309 2070 2363 sentent‘
2200 2314 2490 2372 mutasse,
2517 2304 2664 2378 quod
2681 2318 2762 2357 ve-

596 2393 839 2451 reretur,
868 2400 961 2449 ne,
990 2386 1039 2439 si
1066 2384 1136 2439 ad
1168 2380 1465 2440 Isthmum
1505 2384 1816 2441 deduceret
1849 2386 2119 2453 classem,
2146 2386 2530 2443 Athenienses
2567 2385 2760 2440 desere-

592 2470 726 2520 rent
766 2464 991 2533 socios,;
1024 2464 1139 2536 ,qui
1184 2463 1233 2518 si
1270 2460 1405 2519 illos
1450 2462 1864 2531 deseruissent,
1912 2429 2120 2539 reliqui
2162 2480 2284 2521 non
2333 2464 2585 2537 amplius
2625 2476 2760 2535 pares

594 2542 862 2599 hostibus
911 2538 1075 2675 Ἧι
1129 2542 1333 2597 futuri.
1414 2542 1587 2598 Hanc
1639 2543 1826 2617 igitur
1873 2542 2127 2618 suscepit
2175 2544 2552 2610 sententiam,
2595 2552 2658 2598 ut
2697 2538 2761 2593 ibi

592 2630 1145 2693 manerent,11que
1172 2620 1361 2675 navali
1388 2636 1594 2695 pugna
1617 2622 2006 2679 decernerent.

674 2704 769 2754 64.
811 2700 947 2755 Hoc
972 2698 1151 2754 modo
1176 2714 1363 2771 quum
1387 2699 1449 2753 hi
1476 2700 1551 2753 ad
1577 2699 1913 2757 Salaminem
1939 2701 2134 2758 verbis
2157 2702 2314 2759 inter
2339 2718 2403 2757 se
2429 2707 2620 2757 essent
2641 2695 2759 2751 veli-

594 2777 725 2845 tati,
780 2784 1093 2851 postquam
1144 2777 1227 2833 ita
1262 2777 1483 2851 placuit
1525 2778 1871 2853 Eurybiadi,
1917 2780 1987 2836 ad
2041 2780 2536 2837 committendum
2580 2775 2762 2832 ibidem

593 2854 809 2913 navale
851 2856 1115 2929 praelium
1160 2873 1221 2913 se
1262 2866 1690 2928 compararunt.
1771 2856 1850 2913 Et
1877 2867 1962 2915 ut
2005 2859 2202 2915 illuxit
2245 2860 2396 2926 dies,
2445 2856 2617 2915 simul
2653 2868 2763 2910 cum

592 2935 816 2991 oriente
844 2935 967 2991 sole
1008 2942 1069 2991 et
1108 2942 1261 2991 te‘rra
1300 2943 1356 2990 et
1398 2952 1561 2991 mare
1601 2938 1972 2993 contremuit.
2051 2937 2258 3011 Itaque
2297 2938 2410 2995 diis
2435 2944 2586 2993 vota
2605 2933 2765 2989 facere

592 3014 834 3089 placuit,
862 3021 923 3070 et
948 3014 1226 3071 AEacidas
1272 3013 1459 3071 socios
1504 3015 1798 3071 invocare.
1883 3016 2096 3103 thue
2119 3016 2362 3091 placuit,
2390 3018 2476 3073 ita
2515 3014 2761 3071 fecerunt

594 3094 754 3151 Deos
778 3110 985 3149 omnes
1010 3094 1249 3167 precati,
1279 3093 1544 3166 protinus
1587 3108 1686 3150 ex
1703 3093 2001 3151 Salamine
2030 3090 2268 3164 Ajacem
2293 3103 2374 3151 et
2413 3095 2762 3151 Telamonem

592 3172 989 3228 advocarunt:
1035 3180 1097 3228 et
1146 3172 1217 3227 ad
1270 3171 1680 3229 advehendum
1707 3172 1960 3230 AEacum
1989 3174 2362 3249 reliquosque
2386 3170 2655 3231 AEacidss
2679 3184 2761 3223 na·

592 3268 727 3307 vem
760 3251 817 3305 in
846 3249 1131 3324 AEginam
1162 3252 1468 3307 miserunt.

674 3334 768 3384 65.
810 3328 949 3383 Fuit
975 3346 1077 3403 per
1118 3330 1178 3385 id
1218 3339 1450 3423 tempus
1493 3330 1754 3399 DicaeuS,
1782 3330 2108 3405 Theocydis
2153 3330 2332 3397 filius,
2357 3330 2505 3386 civis
2549 3324 2761 3386 Atheni

594 3409 770 3472 ensiS,
801 3407 967 3463 exsul
1008 3416 1066 3463 et
1117 3409 1179 3464 in
1227 3409 1672 3466 existimatione·
1702 3413 1857 3485 apud
1905 3412 2136 3478 Metine,
2162 3411 2262 3483 qui
2310 3409 2622 3465 narravit‘
2627 3412 2762 3476 ‘quo

596 3494 933 3559 “tempore
984 3486 1195 3553 Attica,
1252 3488 1698 3545 Atheniensibus
1759 3490 1995 3558 nudata,
2047 3491 2391 3546 vastabatur
2443 3506 2482 3543 a
2545 3480 2762 3575 pedestri

594 3569 638 3597 “
668 3565 880 3621 Xerxis
908 3566 1188 3632 exercitu,
1212 3567 1393 3623 fuisse
1421 3576 1566 3623 tunc
1583 3586 1644 3624 se
1669 3569 1822 3625 forte
1845 3586 1982 3625 cum
2007 3568 2324 3625 Demarato
2343 3561 2762 3623 Lacedaemonio
2867 3574 2869 3593 ¹

623 3648 727 3700 ‘in
754 3642 1023 3699 Thriasio
1046 3662 1275 3719 campo,
1298 3646 1628 3719 vidisseque
1653 3648 1736 3703 ibi
1759 3649 2058 3721 pulverem
2087 3648 2160 3703 ab
2185 3646 2462 3703 Eleusine
2487 3645 2761 3703 orientem,

624 3733 974 3795 ‘tamquam
1027 3740 1063 3777 a
1102 3723 1173 3779 tri
1176 3724 1347 3798 ginta
1396 3724 1718 3781 admodum
1767 3724 2029 3783 millibus
2075 3723 2388 3783 hominum

622 3811 973 3877 ‘quumque
1001 3802 1247 3858 miratus
1274 3810 1427 3859 esset
1452 3805 1804 3877 quibusnam
1835 3807 1908 3860 ab
1934 3805 2271 3862 hominibus
2317 3822 2444 3859 exet

2620 3728 2728 3776 tum

2637 3817 2662 3854 r
2680 3795 2760 3851 ille

595 3880 881 3956 “pulviS,
910 3879 1217 3937 exaudisse
1238 3898 1376 3937 mox
1412 3898 1642 3947 vocem,
1669 3900 1822 3976 (11¹,ae
1841 3902 1954 3940 vox
1983 3885 2034 3939 ei
2064 3887 2187 3939 visa
2215 3892 2366 3939 esset
2389 3724 2640 3955 aaa
2663 3890 2764 3931 0⁵³⁶

596 3958 933 4017 “.Iacchus
1014 3959 1173 4015 Tum
1214 3958 1622 4025 Demaratum,
1653 3964 1752 4035 qui
1793 3980 2090 4019 sacrorum
2119 3962 2574 4024 Eleusinioi-um,
2585 3955 2762 4012 fuisset

596 4040 936 4114 “ignat-us,
968 4056 1041 4093 ex
1076 4056 1138 4095 se
1164 4040 1441 4112 quaesisse
1469 4040 1607 4113 quid
1655 4050 1808 4097 esset
1833 4044 1986 4115 quod
2013 4040 2098 4097 ita
2126 4048 2382 4107 sonaret,
2411 4054 2588 4113 seque
2611 4034 2662 4091 ei
2687 4048 2761 4087 re·

594 4120 635 4149 “
671 4116 1050 4190 ‘spondisse.
1081 4117 1437 4174 Demarate.
1424 4118 1439 4152 ¹
1475 4120 1629 4175 haud
1651 4120 1836 4176 aberit
1865 4122 2006 4195 quin
2031 4138 2248 4196 magna
2271 4118 2460 4176 clades
2477 4114 2762 4173 exercitum

621 4196 819 4271 ‘regis
847 4195 1103 4271 adfligat.
1145 4199 1348 4259 Quum
1374 4198 1528 4255 enim
1559 4199 1786 4257 deserta
1811 4196 1908 4257 sit
1915 4201 2125 4267 Attica,
2153 4214 2388 4275 prorsus
2405 4194 2758 4254 manifestum

1016 4524 1111 4611 δ

2871 2766 2873 2777 4
