2925 4992
1121 309 1414 370 cLlo.
2286 317 2365 374 27

158 484 268 529 non
291 466 602 544 respondit
623 483 949 534 successus,
977 464 1060 522 ibi
1087 474 1235 534 tum,
1263 467 1702 542 quiescentibus
1732 468 1977 536 caeteris,
2001 469 2093 526 vir
2115 469 2359 530 Mardus

157 565 392 625 genere,
419 549 522 606 cui
545 565 768 604 nomen
793 543 1135 620 Hyroeades,
1153 547 1497 604 adscendere
1525 556 1767 604 conatus
1794 557 1883 604 est
1904 568 1973 604 ea
1998 557 2163 622 parte
2189 551 2359 619 arcis,

157 645 268 701 qua
295 627 456 684 nulli
478 626 662 682 locati
685 625 958 682 custodes
985 633 1192 696 erant5
1238 626 1378 700 quia
1403 644 1521 682 non
1552 627 1876 683 verendum
1900 627 2087 682 visum
2115 636 2259 696 erat,
2282 647 2359 688 ne

155 709 228 762 ab
265 706 372 764 illa
409 713 586 779 parte
622 721 910 778 umquam
937 719 1042 758 arx
1087 714 1406 778 caperetur.
1489 703 1596 760 Est
1636 705 1791 760 enim
1834 703 1910 761 ibi
1956 705 2203 778 abrupta
2230 725 2355 776 arx,

154 791 212 842 et
235 782 759 858 inexpugnabilis:
806 799 922 855 qua
947 799 1065 838 una
1105 783 1282 838 etiam
1325 791 1486 855 parte
1524 783 1666 838 olim
1694 783 1902 850 MeleS,
1933 802 2034 839 rex
2062 783 2359 852 Sardium,

155 880 276 920 non
301 862 756 922 cirmmmlerat
789 859 1071 927 Leonem,
1101 877 1280 934 quem
1306 861 1416 933 ipsi
1443 861 1633 937 pellex
1666 869 1965 934 pepererat
1988 887 2003 930 ;
2050 879 2235 936 quum
2264 882 2355 920 re-

153 941 432 1015 sponsum
457 940 778 996 edidissent
801 937 1257 1006 Telmessense8‚
1274 941 1320 994 si
1345 939 1458 994 Leo
1488 943 1629 996 circa
1658 957 1867 994 uturum
1896 939 2355 1012 circumferretur,

153 1016 748 1092 itaeapugnabilessore
771 1015 989 1071 Sardes.
1063 1015 1254 1072 Meles
1281 1018 1465 1092 igitur
1488 1020 1639 1074 circa
1668 1019 1955 1090 reliquum
1982 1037 2218 1074 murum
2248 1021 2355 1076 cir-

153 1097 505 1166 eumferens,
534 1115 654 1170 qua
691 1093 1081 1170 expugnabile
1119 1096 1553 1152 munImentum
1596 1097 1741 1152 arcis
1768 1104 1913 1162 erat,
1942 1097 2091 1152 hanc
2132 1107 2359 1170 partem

153 1183 472 1250 spreverat,
519 1183 592 1232 ut
642 1171 1156 1248 inexpugnabilem
1207 1181 1268 1230 et
1317 1173 1629 1248 abruptam
1654 1197 1666 1229 :
1718 1182 1804 1230 est
1852 1183 2047 1234 autem
2093 1193 2182 1242 ea,
2226 1195 2361 1252 quae

149 1254 364 1312 Tmolo
403 1253 630 1328 oppido
669 1251 939 1326 opposita
977 1258 1082 1307 est.
1163 1249 1489 1325 Hyroeades
1530 1253 1713 1328 igitur
1751 1253 1845 1307 hic
1880 1253 2145 1318 Mardus,
2172 1272 2358 1328 quum

149 1333 330 1406 pridie
363 1333 613 1388 vidisset
639 1329 938 1404 Lydorum
969 1329 1224 1402 aliquem
1255 1330 1328 1386 ab
1356 1331 1458 1388 illa
1500 1339 1660 1404 parte
1700 1331 1847 1385 arcis
1876 1331 2353 1401 descendentem,

151 1419 526 1485 recepturum
552 1407 788 1484 galeam
826 1425 956 1482 quae
987 1425 1232 1482 superne
1261 1408 1543 1466 devoluta
1571 1418 1715 1474 erat,
1743 1409 2125 1482 eamdemque
2158 1429 2355 1486 repor-

147 1497 408 1559 tantem3
456 1489 766 1544 advertens
795 1485 1082 1552 animum,
1111 1485 1530 1544 deliberaverat
1570 1505 1787 1544 secum.
1865 1487 2037 1543 Tunc
2077 1489 2261 1563 igitur
2299 1501 2359 1548 et

147 1567 266 1640 ipse
291 1566 628 1631 adscendit,
650 1572 709 1621 et
733 1559 858 1634 ejus
881 1563 1133 1638 vestigia
1156 1565 1417 1638 legentes
1446 1567 1643 1639 plures
1666 1565 2109 1622 adscendebant.
2150 1567 2355 1628 Quum

147 1647 328 1721 igitur
353 1644 655 1720 frequenti
685 1660 930 1698 numero
957 1641 1150 1698 Persae
1177 1643 1636 1712 adscendissent,
1663 1643 1744 1698 ita
1773 1643 1975 1698 Sardes
1998 1651 2170 1717 captae
2192 1655 2353 1713 sunt,

147 1733 326 1798 atque
352 1724 494 1780 urbs
522 1721 720 1778 omnis
747 1720 990 1792 direpta.

219 1808 324 1862 85.
365 1802 458 1858 Ad
496 1799 696 1874 ipsum
734 1805 932 1855 autem
979 1797 1244 1854 Croesum
1286 1799 1440 1874 quod
1477 1807 1719 1875 spectat,
1748 1805 1917 1876 gesta
1956 1809 2093 1856 sunt
2134 1800 2347 1858 haecce.

142 1881 288 1940 Erat
315 1881 374 1941 ei
398 1880 576 1946 filius,
593 1875 763 1946 cujus
791 1877 969 1932 etiam
987 1894 1168 1950 supra
1193 1879 1551 1936 mentionem
1578 1879 1711 1944 feci,
1734 1886 1945 1934 caetera
1968 1879 2203 1952 quidem
2232 1896 2351 1937 non

143 1961 408 2034 ineptus,
435 1957 538 2014 sed
566 1965 781 2012 mutus.
863 1955 1172 2030 Superiora
1212 1955 1392 2030 igitur
1417 1957 1574 2014 felici
1600 1975 1793 2014 rerum
1821 1962 1977 2012 statu
2018 1958 2218 2012 omnia
2244 1975 2351 2031 pro

142 2041 372 2099 viribus
418 2037 636 2092 fecerat
662 2033 897 2090 Croesus
940 2033 1119 2103 hujus
1161 2034 1326 2108 pueri
1366 2053 1595 2101 caussa,
1626 2054 1761 2092 cum
1802 2035 1930 2090 allis
1971 2035 2128 2092 initis
2174 2033 2353 2092 ratio-⁹

142 2119 342 2187 nibus,
373 2124 507 2170 tum
535 2111 797 2185 Delphos
837 2111 1029 2168 missis
1056 2111 1268 2186 legatis
1295 2114 1396 2186 qui
1438 2131 1615 2190 super
1640 2132 1710 2170 eo
1738 2113 2039 2172 oraculum
2080 2114 2348 2171 consule-

143 2204 302 2254 rent.
385 2191 794 2266 Responderat
813 2197 1014 2248 autem
1036 2191 1092 2246 ei
1117 2191 1326 2265 Pythia
1352 2193 1479 2250 haec
1507 2215 1520 2249 ι

536 2335 664 2396 Lyde
686 2349 854 2396 genus,
875 2347 956 2380 rex
977 2335 1255 2392 multorum,
1279 2335 1413 2382 valde
1435 2336 1583 2382 inscie
1608 2337 1789 2395 Croese,

537 2403 613 2447 Ne
635 2415 748 2446 cura
769 2401 902 2459 gnati
923 2404 1192 2459 exoptatam
1215 2401 1399 2446 audisse
1421 2402 1661 2460 loquentis

539 2467 676 2511 Intra
695 2465 816 2510 aedes
840 2479 1030 2522 vocem3
1067 2465 1170 2510 sine
1191 2479 1286 2523 qua
1307 2465 1478 2512 melius
1498 2467 1590 2512 tibi
1612 2467 1781 2527 longe:

537 2530 626 2579 lue
647 2531 722 2576 die
745 2530 968 2589 quoniam
990 2529 1196 2590 primum
1219 2531 1405 2578 infelice
1427 2531 1665 2592 loquetur.

140 2657 322 2718 Nunc
349 2667 526 2734 capta
563 2677 694 2716 arce
735 2677 918 2733 quum
945 2657 1256 2716 Persarum
1282 2659 1513 2734 aliquis,
1543 2661 1639 2717 cui
1675 2661 1917 2736 ignotus
1944 2661 2178 2716 Croesus
2202 2667 2351 2728 erat,

140 2738 312 2798 illum
364 2747 592 2814 peteret
628 2739 964 2807 occisurus3
1013 2737 1248 2794 Croesus
1297 2738 1556 2812 quidem,
1591 2739 1961 2796 invadentem
2006 2755 2069 2794 se
2114 2740 2351 2813 conspi-

140 2818 323 2886 ciens,
352 2820 432 2892 ob
464 2825 1038 2892 praesentem'casum
1067 2817 1302 2891 insuper
1329 2817 1563 2884 habuit,
1587 2835 1773 2891 quum
1798 2818 1944 2873 nihil
1968 2816 2151 2890 ipsius
2172 2818 2349 2874 inter-

137 2904 293 2957 esset
332 2914 682 2970 percussum
706 2903 980 2970 oppetere
1007 2901 1260 2950 mortem
1283 2911 1302 2950 t
1346 2903 1408 2952 at
1432 2914 1580 2970 puer
1606 2897 1701 2952 hic
1726 2903 1952 2960 mutus,
1982 2895 2084 2950 ubi
2112 2895 2349 2952 Persam

139 2974 287 3032 vidit
313 2976 658 3040 irruentem,
685 2991 804 3048 prae
833 2981 997 3030 metu
1024 2973 1340 3048 doloreque
1366 2974 1524 3048 rupit
1551 2991 1780 3040 vocem,
1810 2974 2111 3046 dixitque:
2158 2979 2197 3004 ‘⁴
2217 2973 2349 3030 Ηοὲ

142 3057 186 3083 “
203 3071 328 3121 1110,
347 3071 428 3110 ne
449 3051 649 3111 occide
665 3055 934 3109 Croesum
955 3050 1012 3106 !'’
1046 3047 1137 3106 Sic
1163 3051 1344 3126 igitur
1365 3052 1606 3110 hictum
1632 3053 1887 3126 primum
1911 3069 2117 3107 vocem
2134 3051 2345 3109 edidit:

143 3137 200 3188 et
223 3139 364 3206 post
387 3133 516 3190 haec
536 3128 789 3204 jamper
815 3148 995 3186 omne
1021 3130 1159 3186 vitae
1186 3137 1416 3203 tempus
1441 3131 1675 3205 loquela
1697 3147 1838 3186 usus
1863 3137 1967 3186 est.

213 3215 312 3268 86.
352 3210 550 3268 Persoe
575 3226 712 3266 vero
738 3217 798 3268 et
825 3205 1099 3264 Sardibus
1145 3209 1316 3282 potiti
1356 3216 1540 3277 erant,
1568 3215 1627 3266 et
1654 3209 1920 3264 Croesum
1946 3207 2149 3264 vivum
2179 3227 2349 3282 cepe-

140 3298 296 3360 rant,
345 3297 664 3364 postquam
707 3295 1011 3362 regnasset
1061 3287 1504 3360 quatuordecim
1552 3304 1761 3354 ann03,
1813 3287 2177 3361 totidemque
2225 3289 2347 3352 dies

140 3367 350 3442 fuisset
402 3368 708 3436 obsessus;
768 3367 872 3440 qui
919 3364 1064 3422 adeo
1114 3383 1190 3422 ex
1241 3367 1464 3438 oraculi
1513 3383 1791 3440 responso
1835 3365 2010 3420 finem
2067 3357 2350 3440 imposuit

137 3462 360 3523 magno
404 3462 520 3502 suo
567 3445 832 3519 imperio.
912 3445 1168 3520 Captum
1217 3461 1356 3502 vero
1399 3445 1590 3502 Persae
1634 3443 1708 3501 ad
1746 3445 1967 3516 Cyrum
2010 3443 2303 3502 duxerunt
2324 3463 2347 3502 z

59 3521 64 3528 '
133 3525 234 3596 qui
259 3525 499 3601 Ingenti
527 3541 698 3598 rogo,
723 3523 795 3579 ad
823 3522 881 3578 id
910 3523 1104 3596 ipsum
1130 3531 1447 3590 exstruct0,
1477 3522 1857 3597 compedibus
1887 3523 2151 3579 vinctum
2179 3526 2345 3582 Croe-

136 3619 262 3660 sum
280 3599 474 3674 jussit
498 3602 746 3676 imponi,
782 3609 842 3658 et
885 3601 1040 3658 circa
1084 3618 1224 3657 eum
1266 3601 1356 3658 bis
1405 3609 1629 3675 septem
1656 3599 1958 3674 Lydorum
1989 3601 2174 3670 filios3
2220 3603 2343 3659 sive

137 3682 428 3756 primitias
451 3681 560 3738 has
585 3681 696 3736 deo
719 3679 894 3736 alicui
922 3677 1127 3735 offerre
1148 3678 1373 3736 habens
1399 3679 1460 3735 in
1478 3681 1704 3746 animo,
1729 3680 1853 3734 sive
1876 3687 2083 3736 votum
2104 3680 2345 3754 aliquod

137 3761 468 3833 persolvere
493 3787 511 3831 3
557 3761 682 3816 sive
727 3757 970 3834 cupidus
1016 3757 1256 3824 sciendi,
1294 3776 1482 3832 quum
1527 3757 1868 3834 religiosum
1910 3775 2035 3813 esse
2076 3759 2344 3816 Croesum

137 3841 538 3916 comperisset,
567 3855 644 3894 an
669 3837 816 3894 deus
853 3835 1062 3912 aliquis
1104 3853 1240 3892 eum
1288 3845 1439 3894 esset
1482 3837 1854 3903 liberaturus,
1885 3854 1958 3891 ne
1982 3836 2155 3892 vivus
2182 3853 2347 3893 com-

135 3915 455 3976 bureretur.
558 3917 696 3976 Hoc
737 3915 974 3990 quidem
1013 3913 1216 3970 fecisse
1243 3915 1469 3990 Cyrum
1494 3917 1699 3984 aiunt3
1747 3916 1949 3971 Croeso
1987 3931 2125 3969 vero
2170 3932 2347 3991 super

135 4011 336 4069 pyram
365 3995 550 4056 stanti
587 3995 652 4052 in
689 4001 948 4052 mentem
978 3993 1224 4057 venisse,
1252 4011 1390 4050 cum
1420 4000 1585 4050 tanta
1624 3994 1841 4067 quippe
1865 3993 2194 4050 calamitate
2219 3994 2344 4050 col-

133 4071 404 4143 luctanti,
441 4071 594 4132 illud
625 4072 884 4139 Solonis,
926 4071 1082 4148 quod
1127 4070 1238 4126 sibi
1282 4071 1488 4128 divino
1529 4081 1682 4130 nutu
1706 4072 1915 4131 fuisset
1954 4069 2198 4139 dictum,
2228 4073 2345 4130 Ne-

135 4154 324 4222 minem
350 4157 620 4212 viventem
639 4170 752 4212 esse
779 4151 1010 4208 beatum.
1089 4147 1226 4208 Hoc
1253 4151 1395 4228 ergo
1419 4151 1534 4212 sibi
1552 4166 1910 4228 proponens,
1932 4156 2066 4226 post
2084 4149 2340 4230 longum

1189 4245 1227 4291 Β
1253 4231 1290 4286 2
1335 4247 1342 4252 ·
2163 4259 2177 4266 -
