2925 4992
603 261 725 319 2⁸2
1204 254 1702 317 HERODOTI
1757 252 2122 315 HISTOR.
2161 256 2234 315 V.

600 418 678 475 ab
706 432 777 483 eo
804 412 931 493 regi
954 415 1139 475 Dario
1178 423 1395 477 terram
1423 424 1486 473 et
1507 432 1761 489 aquam:
1801 422 1865 473 et
1893 416 1990 475 ille
2027 419 2154 475 haec
2179 413 2369 507 dedit,
2391 422 2452 475 et
2477 413 2546 475 ad
2583 414 2755 493 hospi·

601 498 752 555 tium
779 494 911 551 illos
933 496 1184 562 vocavit,
1202 490 1629 570 magnificalue
1657 494 1946 552 instructa
1963 514 2130 555 coena
2154 495 2439 568 peramice
2466 493 2654 579 Persas
2677 514 2755 551 ac-

602 575 769 651 cepit.
840 574 980 631 Post
1005 591 1251 641 coenam,
1278 575 1435 631 inter
1460 572 1807 647 potandum.
1837 575 1961 632 haec
1983 578 2180 637 dixere
2211 572 2432 630 Persae:
2478 573 2756 631 “Hosrss

605 653 983 719 ‘Mncsnm
1016 654 1187 711 nobis
1214 652 1403 710 Persis
1444 668 1574 707 mos
1607 664 1718 717 est,
1747 654 1984 727 quando
2022 657 2247 713 lautam
2288 651 2638 709 celebramus
2661 670 2758 707 coe·

635 738 843 797 ‘',nam
874 739 1015 788 tunc
1044 734 1222 789 etiam
1267 730 1502 803 pellices
1530 738 1592 787 et
1626 729 1927 807 legitimas
1968 748 2177 791 uxores
2218 730 2522 797 adducere,
2547 738 2604 787 et
2627 730 2764 787 sedes

634 811 799 868 ‘illis
825 810 973 867 inter
1002 828 1109 867 nos
1136 810 1409 867 tribuere.
1490 808 1582 865 Tu
1625 809 1826 883 igitur,
1855 812 2158 887 quoniam
2177 808 2462 898 benevole
2489 826 2593 865 nos
2619 826 2761 865 ence-¹

605 817 831 1000 Ξῖρίειί,
858 898 917 945 et
942 888 1314 963 magnificam
1344 882 1665 961 adposuisti
1697 906 1946 958 coenam,
1975 890 2294 963 tradisque
2307 884 2434 963 regi
2459 888 2633 945 Dario
2663 894 2761 943 ter-

632 974 803 1025 ‘ratn
848 977 909 1025 et
950 984 1185 1040 aquam,
1216 974 1487 1023 nostrum
1517 983 1772 1040 sequere
1817 986 2058 1029 morem.
2064 974 2095 994 ⁹⁹
2177 968 2266 1025 Ad
2303 967 2440 1023 «haec
2479 965 2762 1040 Amyntas-

608 1046 927 1114 “,⁹⁹Persae
960 1046 1213 1119 inquit,‘
1220 1046 1433 1101 ‘nobis
1460 1046 1696 1119 quidem
1728 1048 2069 1141 neutiquam
2099 1047 2192 1104 hic
2216 1062 2345 1105 mos
2371 1054 2480 1110 est,
2508 1046 2604 1101 sed
2627 1061 2766 1117 sepa·

607 1130 886 1181 “rantur
926 1125 1034 1180 viri
1076 1143 1111 1179 a
1152 1124 1514 1181 mulieribus.
1597 1124 1710 1179 Sed
1751 1129 2031 1198 quoniam
2073 1143 2200 1192 vos,
2233 1124 2330 1199 qui
2371 1124 2511 1181 estis
2551 1119 2763 1188 domini,

632 1204 837 1259 ‘'hoc
822 1220 1073 1295 insuper·
1082 1201 1409 1277 postulatis,
1436 1203 1616 1261 etiam
1645 1202 1754 1261 hoc
1782 1202 1949 1261 vobis
1983 1205 2226 1263 aderitl’
2307 1198 2420 1263 His
2445 1204 2630 1267 dictis,
2653 1218 2761 1255 mu-

603 1280 775 1341 lieres
804 1282 1103 1337 arcessivit
1130 1283 1433 1356 Amyntas.
1509 1282 1662 1343 Quae
1683 1278 1790 1338 ubi
1816 1284 2152 1349 adfuerunt,
2180 1280 2386 1339 ordine
2411 1280 2764 1337 consederunt

606 1378 683 1417 ex
724 1361 967 1419 adverso
1010 1360 1333 1434 Persarum
1410 1358 1570 1419 Tum
1616 1377 1755 1416 vero
1798 1361 2010 1429 Persae,
2049 1362 2338 1418 formosas
2379 1359 2766 1435 conspicientes
2864 1382 2865 1401 1

605 1438 901 1503 mulieres,
913 1442 1204 1531 ‘Amyntae
1229 1439 1495 1515 dixereff
1503 1445 1752 1512 ‘parum
1779 1441 2094 1513 prudenter
2117 1440 2230 1497 hoc
2253 1455 2376 1495 esse
2404 1438 2653 1497 factum:
2691 1453 2768 1491 sa-

609 1518 803 1574 “tius
830 1518 990 1576 enim
1016 1518 1199 1575 fuisse
1232 1516 1525 1583 futurum,
1554 1535 1788 1591 prorsus
1815 1536 1938 1579 non
1975 1519 2253 1577 advenire
2279 1518 2574 1582 muliereS,
2599 1532 2766 1591 quam,

608 1601 992 1689 “postquam
1016 1596 1338 1661 venissent,
1365 1613 1486 1651 non
1523 1596 1802 1667 adsidere,
1833 1597 1935 1655 sed
1963 1617 2035 1654 ex
2075 1596 2317 1655 adverso
2355 1594 2573 1661 sedere,
2596 1594 2768 1649 oculo-

610 1680 654 1708 “
678 1694 815 1733 rum
840 1676 979 1749 ipsis
1007 1675 1286 1731 dolorem.
1290 1677 1321 1697 ”
1386 1674 1639 1731 Coactus
1665 1672 1847 1749 igitur
1872 1677 2180 1752 Amyntas,
2209 1675 2472 1733 adsidere
2497 1691 2592 1731 eas
2605 1668 2768 1743 Jussit

607 1754 783 1817 Quod
810 1755 915 1812 ubi
941 1754 1209 1811 fecerunt
1230 1752 1526 1819 mulieres,
1550 1754 1822 1826 protinus
1853 1773 2140 1813 mammas
2167 1752 2403 1813 illarum
2428 1759 2769 1817 contrectare,

608 1833 827 1909 quippe
852 1833 1126 1909 gnaviter
1153 1832 1373 1905 adpeti,
1395 1848 1524 1889 non
1551 1850 1724 1890 nemo
1750 1834 1930 1893 etiam
1957 1833 2206 1891 osculari
2236 1832 2576 1889 conabatur.

696 1917 787 1969 19.
826 1910 905 1967 Et
929 1913 1212 1985 Amyntas
1238 1910 1478 1983 quidem
1512 1909 1638 1967 haec
1667 1910 1889 1980 videns,
1917 1912 2185 1987 quamvis
2223 1909 2432 1985 iniquo
2460 1910 2640 1983 ferens
2664 1906 2768 1963 ani-

608 2006 732 2057 mo,
760 1990 904 2045 nihil
934 1990 1230 2054 movebat,
1255 2006 1431 2061 supra
1473 1989 1713 2046 modum
1755 1999 2026 2049 metuens
2051 1991 2273 2047 Persas.
2352 1990 2435 2047 At
2461 1988 2769 2051 Alexander,

604 2070 881 2142 Amynta:
908 2067 1087 2135 filius,
1115 2084 1367 2141 praesens
1394 2067 1714 2141 vidensque
1751 2070 1912 2136 haec,
1927 2078 2134 2145 utpote
2165 2064 2402 2139 juvenis
2430 2076 2491 2125 et
2517 2068 2768 2125 malorum

609 2146 963 2221 inexpertae,
994 2146 1295 2203 continere
1320 2163 1382 2201 se
1411 2163 1784 2223 nequaquam
1813 2149 2066 2236 amplius
2095 2146 2308 2223 potuit.
2350 2146 2546 2223 Igitur
2569 2146 2772 2219 indigne

608 2242 735 2283 rem
778 2225 988 2293 ferens,
1017 2225 1165 2283 dixit
1202 2225 1273 2281 ad
1316 2236 1594 2297 patrem:
1627 2226 1793 2283 “Tu
1833 2224 2091 2299 quidem,
2122 2237 2306 2301 pater,
2335 2226 2586 2283 concede
2621 2222 2769 2287 aetati,

609 2302 783 2361 “abi
824 2304 977 2370 hinc,
1005 2312 1063 2360 et
1091 2304 1165 2359 da
1190 2311 1251 2360 te
1288 2304 1493 2377 quieti,
1522 2321 1632 2359 nec
1671 2306 1914 2364 ulterius
1955 2305 2152 2363 adside
2193 2304 2644 2378 compotationi:
2683 2318 2773 2377 ego

642 2389 828 2440 ‘vero
856 2383 953 2445 hic
977 2382 1255 2449 manebo,
1283 2383 1598 2455 omniaque
1626 2385 1948 2441 necessaria
1969 2384 2298 2459 hospitibus
2328 2383 2628 2459 praebebo!
2617 2384 2645 2404 ⁹⁹
2701 2378 2772 2435 Ad

608 2460 737 2519 haec
762 2463 1068 2537 AmyntaS,
1096 2461 1435 2536 intelligens
1462 2462 1602 2517 novi
1631 2463 1908 2535 quiddam
1938 2464 2129 2521 moliri
2161 2463 2594 2521 Alexandrum:
2626 2458 2773 2515 “·ln

612 2540 893 2617 “telligo
918 2540 1061 2607 fere,
1088 2539 1231 2605 filiss·
1261 2540 1525 2613 inquit,‘
1534 2546 1905 2603 ‘sermonem
1943 2550 2115 2601 tuum
2157 2541 2410 2605 hominis
2435 2558 2560 2603 esse
2593 2555 2771 2596 excan-

611 2624 655 2651 “
681 2616 1003 2685 descentis3
1050 2627 1109 2675 et
1135 2618 1287 2675 velle
1314 2627 1392 2685 te,
1416 2636 1514 2675 me
1542 2617 1805 2686 dimisSO,
1835 2639 2059 2679 novum
2089 2620 2391 2699 quidpiam
2423 2618 2632 2681 moliri.
2687 2617 2773 2673 At·

612 2697 784 2770 “qui
811 2715 917 2753 oro
945 2706 1021 2763 te,
1046 2697 1197 2755 nihil
1224 2693 1381 2753 novi
1406 2696 1682 2757 adversus
1718 2698 1825 2755 hos
1855 2700 2012 2759 viros
2037 2699 2320 2764 moliaris,
2345 2717 2421 2761 ne
2449 2716 2560 2755 nos
2583 2696 2775 2770 disper·

612 2774 821 2833 “:das
868 2775 967 2831 sed
1010 2786 1208 2850 patere
1246 2775 1393 2843 fieri,
1422 2793 1555 2849 quae
1595 2776 1694 2833 hic
1733 2778 1827 2852 agi
1870 2776 2050 2840 vides.
2130 2778 2339 2842 Quod
2349 2787 2552 2839 autem
2589 2793 2695 2841 me,
2723 2778 2776 2831 ut

613 2860 655 2887 “
684 2853 821 2921 hinc
850 2854 1079 2923 abeam,
1107 2871 1337 2922 mones,
1366 2853 1478 2911 tibi
1505 2855 1850 2931 obsequarl⁹

688 2936 786 2989 20.
828 2932 1148 3006 Postquam
1195 2933 1498 3009 Amyntas,
1536 2934 1661 2992 haec
1701 2944 1989 3009 precatus,
2020 2934 2202 3011 abiit3
2249 2943 2380 2997 tum
2427 2954 2566 2995 vero
2601 2934 2775 2991 Persas

610 3011 933 3078 Alexander
974 3014 1063 3070 his
1103 3012 1297 3069 verbis
1344 3019 1433 3073 est
1478 3013 1824 3071 adlocutus:
1875 3012 2182 3075 “Harum
2229 3004 2570 3082 mulierum,
2609 3010 2776 3085 hospi·

638 3097 797 3157 ‘,tes
829 3091 1017 3151 facilis
1042 3090 1207 3147 vobis
1234 3107 1376 3151 usus
1416 3101 1614 3165 patet3
1660 3092 1784 3149 sive
1815 3111 1953 3149 cum
1981 3094 2262 3151 omnibus
2299 3094 2490 3153 velitis
2532 3108 2778 3151 coneum·

612 3174 654 3203 “
685 3170 841 3236 bere,
871 3170 992 3225 sive
1032 3169 1389 3243 quibuscum
1430 3186 1506 3231 ex
1548 3169 1666 3227 illis
1707 3168 2046 3229 volueritis:
2088 3172 2162 3229 de
2200 3172 2316 3229 hoc
2355 3190 2464 3233 vos
2504 3172 2629 3246 ipsi,
2661 3164 2775 3242 quid
2865 3218 2867 3221 Α

613 3248 851 3303 “vobis
894 3247 1178 3314 videatur,
1204 3247 1550 3323 significate.
1628 3247 1809 3306 Nunc
1833 3267 1996 3317 vero,
2026 3268 2212 3325 quum
2239 3251 2361 3312 fere
2387 3250 2780 3325 adpropinquet

614 3332 657 3361 “
685 3334 919 3399 tempus
955 3326 1224 3383 cubitum
1254 3326 1452 3392 eundi,
1483 3335 1543 3383 et
1571 3326 1770 3398 pulcre
1805 3346 1912 3384 vos
1959 3327 2188 3391 videam
2237 3330 2511 3404 adpotoS,
2539 3328 2779 3387 mulieres

613 3405 811 3469 ‘,‘has
840 3404 888 3459 si
927 3405 1116 3477 placet
1146 3404 1333 3471 vobis,
1358 3406 1533 3461 sinite
1556 3404 1776 3476 lavari3
1823 3415 1882 3463 et
1914 3414 2245 3481 exspectate
2275 3408 2429 3466 lotas
2467 3406 2774 3465 reditun-ass·

613 3481 761 3541 Haec
802 3482 958 3539 dicta
1000 3500 1185 3556 quum
1228 3484 1658 3541 collaudassent
1697 3484 1908 3551 Persae,
1923 3487 2220 3549 mulieres
2263 3486 2551 3547 abeuntes
2589 3478 2779 3542 dimisit

610 3562 676 3619 in
705 3578 1093 3636 gynaeceum.
1137 3563 1261 3638 ipse
1286 3580 1425 3619 vero
1452 3562 1780 3625 Alexander
1810 3564 1966 3620 viros
2004 3565 2141 3627 laevi
2181 3573 2402 3634 mente,
2436 3574 2526 3623 tot
2567 3566 2777 3621 numero

613 3649 757 3715 quot
786 3649 948 3697 erant
988 3640 1274 3708 foeminae,
1302 3641 1580 3698 muliebri
1607 3642 1773 3699 cultu
1799 3650 2052 3709 ornatoS,
2082 3643 2558 3721 pugionibusque
2597 3643 2776 3701 instru-

611 3718 1122 3783 ctos„introduxit.
1204 3722 1371 3781 Quos
1410 3720 1762 3793 producem,
1799 3722 1882 3777 sic
1909 3721 2110 3779 Persas
2137 3723 2511 3797 adloquitur:
2557 3718 2776 3774 “Vide-

640 3798 862 3863 ‘rnini‚
899 3797 1110 3866 Persae,
1138 3798 1406 3857 convivio
1433 3817 1468 3853 a
1494 3800 1660 3855 nobis
1688 3801 1855 3859 omni
1881 3800 2290 3860 munificentia
2315 3803 2598 3861 instructo
2625 3796 2776 3854 fuisse

504 3940 517 3949 ,
615 3882 656 3911 “
686 3876 951 3949 excepti.
1005 3896 1137 3934 nam
1164 3885 1223 3932 et
1250 3882 1635 3950 quaecumque
1664 3880 1722 3935 in
1761 3887 1998 3951 promtu
2039 3878 2377 3947 habuimus,
2405 3889 2472 3937 et
2491 3897 2618 3953 quae
2644 3878 2776 3933 insu-

614 3960 787 4028 “per
812 3952 975 4011 vobis
1018 3956 1331 4029 praebenda
1375 3951 1680 4028 potuim'us
1721 3958 1987 4031 reperire,
2017 3976 2085 4015 ea
2114 3958 2284 4015 vobis
2321 3958 2519 4015 omnia
2551 3952 2780 4031 adposita

614 4038 655 4065 ‘⁸
680 4039 835 4088 sunt.
891 4033 971 4089 Et
998 4052 1155 4091 nunc
1180 4050 1313 4089 eece
1342 4034 1465 4091 hoc
1483 4036 1682 4103 etiam,
1710 4034 1866 4109 quod
1897 4038 2163 4095 omnium
2191 4038 2521 4095 maximum
2547 4044 2650 4101 est,
2678 4048 2779 4089 ma-

613 4119 654 4151 ¹⁶
691 4120 805 4169 tres
848 4118 1079 4173 nostras
1122 4120 1183 4173 et
1226 4129 1478 4185 sorores,
1510 4114 1695 4174 veluti
1740 4114 2338 4193 postremaslaetitias
2377 4113 2545 4179 vobis
2583 4113 2783 4187 insuper
