2925 4992
1261 311 1394 369 445

234 484 339 530 cap.
381 468 468 517 lin.

244 541 345 593 16.
384 540 481 593 83.
524 550 598 593 ne
627 538 931 613 adparebit
956 535 1193 610 quidem
1218 535 1391 603 mihi,
1420 535 1544 609 sive
1569 540 1674 589 tua
1707 532 1944 589 indutus
1975 530 2088 591 sim
2115 537 2278 589 veste
2306 533 2428 589 sive

252 616 256 619 ’
315 650 319 654 -
608 637 760 676 mea.
806 618 867 675 S.
914 615 1207 693 [profecto
1235 632 1347 671 nec
1372 621 1614 689 aspectu
1642 630 1748 669 suo
1777 610 2119 687 dignabitur
2146 612 2429 669 sive'mea

616 706 945 773 gerentem,
980 696 1082 751 διο.
1172 693 1338 749 Valla
1366 712 1488 749 cum
1522 689 1712 763 Wess]
2398 718 2403 722 -

245 778 340 832 16.
380 778 477 831 34.
516 776 612 833 An
670 795 807 834 vere
857 775 1260 850 adpariturum
1312 773 1496 829 etiam
1549 771 1625 826 sit
1677 770 1844 837 mihi,
1893 787 2059 827 nunc
2105 752 2426 827 vide'ndum

598 856 728 916 erit.
760 856 821 912 S.
872 854 1013 929 [Sed
1042 859 1101 907 te
1130 851 1351 907 adibit:
1390 849 1549 925 quod
1565 847 1695 919 jam
1714 849 2303 907 animadvertendum
2323 859 2427 905 est.

612 935 775 991 Valla
805 952 926 991 cum
956 930 1147 987 Valck.
1174 937 1226 985 et
1261 928 1451 1001 Wessf]
1960 954 1966 959 ·

238 1016 337 1068 .18.
384 1018 476 1070 19.
518 1012 635 1071 His
661 1014 849 1070 dictis..
933 1012 994 1068 S.

236 1092 340 1147 46.
420 1094 475 1147 3.
521 1092 640 1148 Hic
668 1093 776 1148 vir.
860 1091 921 1147 S.

242 1174 341 1226 51.
424 1171 483 1227 4.
525 1172 785 1246 exceptis
813 1170 1287 1227 Atheniensibus,
1371 1170 1432 1225 S.

245 1252 344 1309 57.
424 1252 480 1305 6.
523 1249 623 1305 sed
654 1268 793 1307 cum
821 1251 1057 1323 proprio
1084 1252 1223 1305 vitoe
1248 1246 1512 1323 periculo
1539 1244 1817 1309 eundem,
1849 1244 1950 1302 διο.
2034 1238 2090 1297 8.

238 1330 342 1391 76.
422 1332 482 1385 2.
524 1328 822 1385 venabula
846 1328 1002 1412 lupis
1033 1328 1449 1386 interficiendis
1475 1324 1888 1383 inservientia:
1973 1321 2032 1377 S.

194 1410 339 1462 101.
422 1410 477 1463 6.
519 1408 787 1465 veniunt.
876 1409 939 1465 S.
1557 1420 1562 1423 ’

198 1490 341 1543 103.
388 1488 479 1549 17.
520 1487 623 1560 qui
650 1487 911 1544 illorum.
995 1488 1059 1545 S.

236 1596 325 1608 —-
404 1564 485 1620 ib.
526 1564 1061 1632 circumstabimus.
1142 1568 1207 1623 S.

202 1647 343 1700 128.
424 1647 480 1699 8.
520 1644 679 1702 fecit.
762 1646 1117 1703 Conscensa.
1200 1645 1261 1701 S.

199 1726 342 1781 130.
386 1726 475 1779 11.
517 1730 729 1801 praeter
754 1732 1007 1781 montes.
1091 1724 1152 1782 S.

201 1807 365 1864 141„
424 1806 478 1856 4.
520 1802 731 1866 sumtis
756 1803 834 1859 ol.
862 1804 1058 1860 ramis.
1140 1803 1204 1860 S.

203 1886 341 1947 157.
421 1881 479 1935 4.
520 1880 850 1938 Barbarum
881 1890 942 1938 te
969 1882 1140 1937 invit.
1223 1881 1284 1938 S.

194 1991 284 2004 -—-
334 1961 396 2027 4,
427 1965 482 2017 5.
522 1960 683 2016 hunc
710 1960 871 2015 nosti
899 1961 1193 2017 Graeciam
1219 1958 1626 2028 invadentem,
1655 1960 1755 2016 διο.
1839 1958 1899 2013 S.

205 2042 342 2096 160.
387 2042 479 2095 13.
520 2039 585 2096 in
614 2039 901 2094 alterutro
928 2039 1143 2096 horum
1171 2039 1558 2115 adquiescere.
1633 2036 1702 2096 'S.
1826 2049 1829 2053 '

203 2122 341 2177 181.
420 2122 477 2182 7.
518 2116 787 2191 myrrhiS.
870 2117 931 2173 S.

200 2202 341 2257 209.
388 2200 478 2253 16.
520 2213 705 2271 regno
729 2202 791 2254 et
818 2197 1061 2271 populo.
1143 2198 1207 2255 S.

175 2279 344 2335 ,202
392 2282 482 2337 19.
523 2283 677 2331 esset
704 2284 1119 2349 repugnatura.
1202 2276 1271 2341 S.

1122 2433 1216 2491 LI
1229 2434 1296 2491 B.
1338 2434 1510 2494 VIII.

242 2540 345 2596 38.
376 2538 484 2594 ult.
526 2538 899 2595 continenter
926 2534 1057 2594 sibi.

242 2622 343 2673 4ο.
391 2622 479 2673 10.
522 2634 642 2691 qua
668 2625 757 2673 est
783 2618 1057 2674 introitus
1083 2618 1142 2673 in
1169 2616 1676 2693 Peloponnesum,
1703 2636 1899 2687 mum,
1933 2619 2037 2675 διο.
2119 2620 2184 2677 S.

242 2698 347 2757 40.
404 2696 483 2771 ib.
526 2705 585 2752 et
612 2696 738 2751 haec
762 2705 851 2753 ut.
938 2697 998 2755 S.
2323 2740 2330 2745 ·

248 2776 346 2834 90.
517 2774 830 2847 Legendum
860 2783 939 2832 est
964 2793 1084 2831 cum
1113 2775 1411 2849 Schweigh.
1442 2770 1810 2851 πςοσ-ελοίςετὸ·
1830 2795 1933 2850 pro
1971 2780 2123 2851 vulg.
2175 2774 2427 2852 orpoesCoZ·

612 2866 744 2910 λετο.
834 2855 1029 2911 Tenuit
1063 2854 1235 2910 Vallae
1258 2856 1474 2911 Latina
1518 2855 1680 2910 Wess.
1709 2873 1844 2910 cum⁹>
1868 2856 2100 2917 Gronov.
2129 2874 2246 2929 quoe
2271 2856 2433 2927 hujus
2515 2874 2520 2885 ¹

604 2934 751 2990 modi
776 2940 956 2997 erant.
1040 2934 1201 2995 Quin
1240 2936 1419 2991 etiam
1448 2934 1602 2989 cladi
1641 2933 1986 2991 Phoenicum
2027 2936 2127 3010 qui
2153 2934 2433 3001 aderant,

610 3013 843 3070 additus
880 3012 1299 3069 est'Ariamnes
1337 3029 1680 3087 quanquam
1711 3014 1938 3069 amicus
1966 3016 2142 3090 regis.
2228 3014 2431 3087 [Erro-

610 3110 724 3148 rem
752 3092 923 3149 latere
951 3092 1191 3147 arbitror
1216 3098 1271 3147 et
1294 3086 1658 3165 vrgao-eade,
1681 3109 1798 3163 quoe
1829 3092 2044 3165 elegans
2063 3093 2278 3149 Reiskii
2303 3109 2432 3147 con-

600 3166 849 3243 jectura,
877 3172 1203 3247 fingendum
1224 3192 1247 3225 .·
1285 3177 1349 3225 ut
1387 3173 1676 3237 innuatur,
1722 3171 2183 3239 Ariaramenem,
2237 3171 2431 3225 virum

608 3248 864 3317 Persam,
914 3250 1127 3307 Ionum
1184 3249 1466 3315 amicum,
1518 3265 1654 3304 cum
1703 3266 1958 3323 praesens
2001 3250 2228 3307 adesset
2278 3250 2437 3305 cala.
2472 3236 2476 3241 ’
2587 3312 2592 3320 .

612 3330 881 3386 mitatem
912 3329 1079 3386 illam
1103 3328 1457 3385 Phoenicum
1487 3322 1781 3395 adjutasse
1805 3329 2194 3387 criminando.
2230 3322 2437 3404 Wess]

250 3415 350 3469 91.
432 3414 485 3465 1.
524 3406 607 3465 Et
634 3407 1254 3466 isti—convertebant.
1338 3407 1445 3462 His
1474 3413 1623 3461 caret
1651 3406 1953 3481 Schweigh.
2037 3470 2052 3486 .

213 3490 352 3549 144.
390 3491 489 3546 28.
532 3504 641 3544 nos
670 3488 740 3543 ei.
826 3488 891 3543 S.

250 3599 337 3613 -
390 3571 490 3625 29.
530 3583 923 3637 occurramus,
1006 3566 1070 3621 S.

1160 3720 1338 3779 L1B.
1380 3720 1490 3781 IX.

299 3861 351 3914 1.
532 3848 670 3910 Hoc
697 3852 771 3909 ab
800 3852 1015 3909 Athen.
1042 3851 1511 3927 &c.—-—legati.
1581 3851 1728 3911 Haec
1757 3852 2091 3929 Schweigh.
2117 3844 2430 3925 conjungit

618 3948 755 4002 curn
781 3932 962 4005 priori
987 3930 1156 3989 libro.

265 4017 359 4069 15.
436 4018 493 4070 9.
534 4010 815 4067 exercitui
840 4017 1016 4066 exstr.
1100 4009 1161 4067 S.

258 4095 360 4157 27.
439 4094 493 4147 6.
538 4088 736 4155 nobis,
766 4090 869 4164 qui
893 4106 1123 4164 semper
1148 4089 1331 4146 fortes
1358 4087 1600 4147 fuimus.
1679 4088 1738 4145 S.

243 4201 357 4253 3-—
434 4174 495 4235 ¹7.
534 4178 603 4227 ut
626 4169 802 4246 primi
828 4168 1032 4227 simne.
1110 4167 1171 4225 S.
1318 4250 1354 4302 3
1382 4263 1430 4301 Μ
