2925 4992
580 537 637 585 ν
951 565 960 574 ·
1289 454 2217 641 HERoDoTI'

903 732 2511 893 ulsToRIARUM

1304 990 1592 1061 LIBER
1653 991 2104 1071 QUINTUS.

1224 1206 2203 1339 TERPSICHORE.

1390 1410 1989 1511 -„.;„„

606 1686 659 1746 1.
700 1659 1024 1768 PERSAE,
1067 1688 1214 1761 quds
1258 1688 1321 1745 in
1364 1686 1609 1763 Europa
1657 1685 1872 1744 Darius
1923 1686 2259 1761 reliquerat,
2300 1686 2523 1761 quibus
2565 1684 2786 1761 praeerat

600 1760 985 1843 Megabazus,
1031 1761 1249 1839 primos
1304 1784 1378 1823 ex
1432 1766 1858 1841 Hellespontiis
1901 1764 2250 1831 PerinthioS,
2294 1783 2500 1840 parere
2546 1766 2783 1823 nolentes

602 1849 758 1923 regis
798 1846 1064 1919 imperio,
1108 1846 1488 1923 subegerunt.
1587 1846 1776 1903 Iidem
1822 1844 2100 1901 Perinthii
2139 1842 2425 1917 superior-i
2467 1853 2720 1919 tempore
2755 1860 2784 1897 a

601 1923 915 1983 Paeonibus
960 1939 1195 1997 quoque
1250 1924 1403 1981 male
1445 1920 1682 1980 fuerant
1729 1922 2012 1980 mulctati.
2117 1922 2386 1989 Paeones,
2435 1920 2782 1997 Strymonem

600 2002 959 2066 adcolenteS,
988 1997 1208 2077 oraculi
1234 2018 1512 2075 responso
1541 2002 1750 2060 moniti
1775 2009 1940 2059 erant
1981 2008 2050 2058 ut
2089 2020 2254 2058 arma
2289 2003 2568 2060 adversus
2613 2000 2782 2057 Perin-

602 2082 761 2139 thios
808 2086 1136 2152 moverent,
1166 2086 1247 2145 et,
1273 2082 1324 2137 si
1369 2080 1609 2155 quidem
1652 2079 1932 2137 Perinthii
1965 2080 2250 2154 oppositis
2289 2080 2494 2147 castris
2523 2082 2672 2155 ipsos
2706 2078 2784 2133 in·

601 2168 936 2225 vocassent,
968 2160 1317 2215 nominatim
1346 2159 1796 2235 compellantes,
1827 2166 1953 2214 tum
1998 2158 2106 2216 hos
2147 2159 2526 2231 invaderent3
2571 2156 2657 2218 sin
2681 2173 2783 2213 non

604 2236 1041 2304 inclamassent,
1093 2255 1211 2293 non
1254 2234 1615 2295 invaderent.
1694 2234 1877 2312 quue
1923 2237 2192 2294 fecerunt
2235 2238 2498 2296 Poeones.
2578 2236 2783 2298 Quibus

602 2336 785 2394 quum
836 2313 1024 2373 castra
1054 2316 1334 2373 Perinthii
1378 2316 1784 2391 opposuissent
1824 2316 1887 2371 in
1937 2314 2244 2383 suburbio,
2269 2334 2344 2373 ex
2390 2314 2784 2391 provocatione
2877 2354 2879 2373 n

602 2395 814 2471 triplex
846 2394 1259 2452 instituebatur
1286 2404 1580 2452 certamen
1610 2392 1951 2471 singulare3
1995 2394 2213 2451 etenim
2257 2396 2452 2452 virum
2492 2412 2628 2452 cum
2655 2394 2783 2458 viro,
2878 2460 2879 2468 ἵ

605 2484 666 2531 et
691 2491 909 2549 equum
936 2490 1073 2530 cum
1102 2490 1253 2547 equo
1280 2474 1754 2542 committebant,
1783 2481 1842 2529 et
1869 2490 2073 2530 canem
2099 2490 2238 2530 cum
2264 2491 2407 2530 cane
2431 2496 2444 2529 ε
2493 2482 2556 2530 et
2581 2471 2785 2529 duobus

603 2553 1027 2630 certaminibus
1055 2552 1325 2608 vicerunt
1352 2552 1656 2610 Perinthii.
1737 2554 1858 2614 Qui
1897 2569 2081 2626 quum
2124 2568 2242 2625 prae
2280 2553 2504 2629 gaudio
2543 2566 2785 2627 paeanem

602 2638 904 2696 canerent,
936 2639 1067 2686 tum
1094 2627 1488 2701 conjectantes
1514 2630 1758 2687 Paeones
1787 2629 1898 2687 hoc
1922 2647 2048 2687 esse
2074 2630 2231 2705 quod
2258 2630 2646 2707 significasset
2671 2646 2784 2687 ora-

602 2710 827 2776 culum,
855 2709 1129 2765 dixerunt
1154 2710 1305 2766 inter
1326 2726 1425 2765 sea
1471 2716 1514 2741 “
1541 2728 1696 2767 nunc
1724 2710 2037 2793 impletum
2075 2710 2249 2767 nobis
2273 2710 2580 2767 oraculum
2607 2708 2786 2775 fuerit,

605 2796 653 2824 “
686 2805 843 2844 nunc
870 2794 1134 2844 nostrum
1162 2804 1310 2860 opus
1339 2790 1485 2843 est.”
1565 2788 1648 2846 Et
1673 2795 1969 2847 cantantes
1999 2788 2331 2846 Pei-inthius
2357 2784 2620 2865 adgressi
2647 2784 2784 2843 Paeo-
2876 2796 2877 2801 ’

546 2920 553 2926 .
606 2884 730 2932 nes,
758 2868 1065 2939 ingentem
1108 2873 1475 2939 reportarunt
1517 2868 1848 2936 victoriam,
1893 2884 2228 2943 paucosque
2271 2884 2346 2949 eg
2390 2868 2511 2926 illis
2554 2867 2784 2941 reliquos
2876 2860 2877 2873 ¹

605 2946 887 3003 fecerunt.
1901 2962 1908 2971 ·
2051 2944 2058 2947 ’
2141 2965 2148 2971 ·
2211 2950 2216 2953 ’
2421 2948 2428 2953 “
2470 2944 2477 2951 ’
2565 2944 2569 2951 ’
2876 2946 2877 2949 ’

682 3029 739 3081 2.
786 3024 927 3081 Haec
952 3024 1095 3080 olim
1126 3038 1163 3079 a
1188 3020 1498 3083 Paeonibus
1537 3022 1598 3083 in
1636 3025 1795 3083 hunc
1835 3026 2081 3095 modum
2107 3034 2276 3101 gesta
2300 3034 2484 3086 erant.
2564 3028 2642 3086 At
2665 3032 2784 3081 tunc

601 3102 833 3160 fortiter
872 3122 981 3178 pro
1017 3098 1285 3160 libertate
1323 3112 1656 3181 pugnantes
1691 3103 1992 3172 Perinthii,
2021 3102 2402 3163 multitudine
2440 3106 2588 3163 victi
2613 3110 2789 3162 sunta

602 3176 797 3239 Persis
844 3189 904 3239 et
946 3182 1293 3257 Megabnzo.
1376 3182 1628 3240 Subacta
1667 3184 1969 3251 Perinth0,
1997 3200 2102 3257 per
2139 3183 2454 3243 Thraciam
2487 3186 2783 3241 exercitum

603 3258 1047 3317 circumducens
1076 3260 1465 3337 Megabazus,
1493 3268 1710 3319 cuncta
1735 3262 1968 3336 oppida,
1997 3269 2354 3338 cunctosque
2379 3264 2633 3339 populos
2659 3259 2787 3317 inibi

604 3330 959 3419 habitanteS,
1003 3338 1113 3393 sub
1154 3342 1309 3417 regis
1349 3340 1660 3416 imperium
1689 3340 1951 3417 redegit:
1995 3340 2108 3398 hoc
2137 3343 2294 3403 enim
2335 3342 2424 3400 illi
2463 3342 2783 3414 mandatum
2874 3376 2875 3379 =

604 3420 755 3482 brat,
780 3418 1021 3490 subigere
1057 3416 1362 3475 Thraciam.
2874 3416 2875 3489 f

683 3500 743 3552 3.
783 3496 1105 3551 'susacim
1150 3497 1361 3565 natio,
1387 3505 1521 3570 post
1563 3494 1746 3556 Indos
1789 3499 2013 3579 utique,
2061 3500 2325 3557 maxima
2367 3506 2458 3561 est
2501 3498 2784 3556 nationum
2874 3500 2875 3515 ¹

605 3574 911 3633 omnium:⁴
954 3575 1055 3647 qui
1098 3575 1149 3631 si
1188 3576 1507 3633 sub'unius
1547 3586 1740 3635 essent
1785 3578 2049 3653 imperio,
2077 3586 2182 3637 aut
2221 3579 2544 3635 concordes
2571 3578 2785 3634 interae

603 3650 816 3720 essent,
844 3653 1052 3709 invicti
1091 3650 1313 3722 forent,
1336 3663 1400 3711 et
1424 3655 1602 3731 longe
1643 3658 1933 3727 omnium,
1965 3664 2034 3713 ut
2071 3649 2221 3715 mi'hi
2267 3657 2505 3732 quidem
2553 3655 2782 3719 videtur,

602 3729 1018 3811 potentissimi.
1097 3734 1176 3789 At
1202 3734 1313 3790 hoc
1345 3735 1539 3807 ipsum
1582 3734 1815 3793 difficile
1839 3744 1928 3792 est
1953 3736 2094 3802 illis,
2125 3745 2299 3811 atque
2326 3733 2704 3811 impossibile,
2725 3740 2784 3788 ut

602 3812 710 3869 fiat
732 3828 1053 3885 umquam:
1099 3828 1230 3867 eam
1256 3812 1334 3868 ob
1358 3828 1624 3870 caussam
1665 3814 1890 3871 infirmi
1930 3823 2089 3872 sunt.
2168 3815 2414 3875 Habent
2445 3823 2663 3880 autem,
2691 3827 2782 3887 pro

602 3891 919 3966 regionum
946 3889 1302 3957 diversitate,
1330 3892 1520 3949 multa
1545 3910 1613 3948 ac
1639 3894 1802 3950 varia
1827 3894 2106 3949 nomina:
2153 3893 2252 3951 sed
2280 3892 2500 3951 eisdem
2539 3891 2782 3949 moribus

602 3968 1009 4043 institutisque
1034 3976 1285 4025 utuntur
1308 3985 1536 4037 omnes,
1567 3971 1824 4047 exceptis
1849 3972 2036 4039 Getis,
2063 3978 2124 4029 et
2145 3972 2406 4035 Transis,
2433 3980 2491 4029 et
2520 3972 2624 4045 qui
2645 3970 2782 4026 ultra
2872 4014 2873 4027 ,

606 4047 971 4116 Crestonaeos
998 4046 1284 4103 habitant.

684 4130 741 4184 4.
780 4125 861 4181 Et
886 4126 1171 4183 Getarum
1205 4126 1443 4199 quidem
1469 4128 1769 4198 instituta,
1794 4132 1911 4203 qui‘
1940 4130 2302 4188 immortales
2327 4146 2390 4187 se
2417 4146 2544 4187 esse
2591 4124 2780 4203 praedi·

605 4211 768 4299 cant,
796 4222 975 4279 supra
1000 4206 1258 4298 exposui.
1336 4203 1550 4301 'si-ausi
1577 4204 1748 4277 v‘ero,‘
1767 4208 1900 4297 aliis
1941 4208 2179 4303 quidem
2219 4208 2280 4267 in
2327 4208 2521 4301 rebus,
2564 4203 2778 4297 {eliquia
