2925 4992
595 310 715 367 294
1169 302 1678 365 HERODOTI
1744 304 2110 366 HISTOR.
2166 308 2273 365 VI.
2352 369 2358 376 ⁴

595 466 768 525 filius.
849 464 1190 539 Ibidemque
1233 466 1605 541 Cynaegirus,
1650 462 2049 539 Euphorionis
2092 465 2269 533 filius,
2310 479 2499 541 quum
2538 468 2761 540 aplustre

595 546 768 607 navis
796 543 1176 603 barbarorum
1204 562 1384 601 mauu
1407 545 1711 613 tenuisset,
1732 545 1923 603 securi
1944 553 2251 621 amputata
2274 562 2463 601 manu
2490 548 2698 603 cecidit.

679 629 705 681 1
721 629 810 683 15.
851 624 1146 681 Coeterum
1169 631 1394 697 septem
1420 622 1669 679 navibus
1698 624 1811 679 ista
1836 624 2059 679 ratione
2094 620 2266 696 potiti
2292 630 2437 679 sunt
2460 623 2762 683 Athenien»

591 720 704 761 ιω.
781 702 1049 775 Reliquis
1077 709 1275 757 autem
1309 702 1565 759 navibus
1604 700 1855 765 barbari,
1884 702 1945 757 in
1986 702 2235 775 puppim
2275 704 2657 777 remigantes,
2678 705 2766 759 ad-

593 781 804 839 sumtis
831 799 904 837 ex
935 779 1125 837 insula
1151 780 1452 853 mancipiis
1482 776 1909 836 Eretriensibus
1930 805 1947 851 3
1994 782 2055 835 in
2080 797 2203 853 qua
2226 781 2434 837 relicta
2460 790 2647 851 erant,
2669 783 2765 839 Su-

591 860 758 917 nium
784 858 1384 933 circumnavigaruut,
1414 857 1487 913 ad
1514 856 1722 914 urbem
1755 860 1917 931 prius
1957 860 2257 931 pervenire
2280 858 2600 915 studentes.
2612 877 2767 935 quam

591 935 895 995 rediissent
919 935 1319 994 Athenienses.
1399 935 1480 993 Et
1521 937 1869 1012 pervulgata
1890 948 1981 993 est
2000 936 2161 1010 apud
2188 937 2575 994 Athenienses
2612 941 2768 1005 fama,

593 1016 810 1091 cepisse
839 1014 971 1071 illos
1013 1015 1124 1071 hoc
1149 1013 1460 1071 consilium
1492 1032 1567 1071 ex
1592 1014 2115 1078 Alcmaeonidsrum
2156 1016 2449 1087 artifici03
2496 1016 2615 1073 hos-
2627 1020 2771 1075 enim

592 1113 668 1151 ex
691 1094 1018 1169 composito
1042 1094 1316 1169 clypeum
1344 1091 1554 1162 Persis,
1583 1108 1765 1167 quum
1798 1089 1925 1163 jam
1968 1094 2031 1149 in
2074 1094 2323 1151 navibus
2348 1103 2571 1167 essent,
2598 1106 2770 1165 sustu·

594 1172 749 1231 lisse.
2121 1191 2122 1194 ¹

675 1254 806 1307 uo.
845 1251 944 1316 At,
969 1251 1110 1309 dum
1132 1250 1383 1309 Sunium
1409 1251 1603 1309 Persae
1628 1250 2157 1327 circumnavigant,
2178 1252 2595 1321 Athenienses,
2614 1273 2771 1329 quan-

593 1338 724 1389 tum
751 1330 994 1405 pedibus
1023 1330 1256 1391 valuere
1281 1332 1342 1387 in
1366 1330 1575 1389 urbem
1617 1336 1769 1387 retro
1796 1340 2111 1397 currentes,
2140 1334 2301 1405 prius
2344 1334 2595 1391 adfuere
2618 1351 2771 1407 quam

591 1409 786 1469 Persae
821 1408 1126 1465 venirent:
1167 1417 1252 1475 et,
1280 1408 1777 1483 quemadmodum
1808 1409 1881 1465 ad
1906 1410 2323 1467 Marathonem
2364 1412 2425 1469 in
2464 1430 2615 1488 agro
2639 1414 2771 1469 Her-

589 1488 710 1547 culi
749 1504 912 1548 sacro
937 1496 1128 1545 castra
1167 1488 1517 1553 habuerant,
1546 1488 1631 1544 sic
1662 1496 1721 1543 et
1761 1504 1919 1543 nunc
1956 1488 2017 1545 in
2054 1489 2173 1545 alio
2200 1489 2517 1559 Heracleo,
2546 1492 2697 1567 quod
2720 1492 2770 1546 in

595 1562 932 1641 Cynosarge
979 1574 1092 1632 est,
1121 1566 1317 1623 locum
1359 1566 1563 1623 castris
1605 1573 1903 1639 ceperunt.
1986 1567 2233 1627 Barbari
2276 1585 2438 1635 ver0,
2482 1579 2773 1644 postquam

591 1662 770 1703 naves
789 1653 926 1701 ante
945 1644 1287 1711 Phalerum,
1313 1644 1414 1718 qui
1439 1652 1643 1718 portus
1664 1652 1805 1701 tunc
1824 1652 1949 1701 erat
1964 1644 2527 1715 Atheniensium,jn
2546 1649 2665 1717 alto
2682 1649 2772 1704 ali-

501 1748 506 1755 ·
591 1723 876 1799 quamdiu
905 1724 1252 1789 tenuissent,
1283 1730 1436 1781 retro
1468 1724 1527 1779 in
1554 1722 1751 1780 Asiam
1780 1724 2153 1798 navigarunt.

675 1806 822 1859 117..
849 1800 944 1857 Ex
970 1796 1156 1859 Persis
1181 1800 1517 1861 ceciderunt
1538 1801 1605 1857 -in
1630 1800 2009 1859 Marathonia
2040 1800 2634 1877 pugnafcirc'itersex
2658 1806 2773 1863 mil!

589 1880 674 1937 lia
717 1888 780 1937 et
815 1879 1268 1955 quadringenti3
1317 1880 1769 1939 Atheniensium
1817 1898 1957 1937 vero
2002 1889 2241 1937 centum
2284 1886 2621 1959 nonaginta
2658 1885 2773 1943 duo.

591 1956 712 2015 Hic
738 1958 852 2015 fuit
880 1957 1208 2015 occisorum
1237 1974 1539 2020 numerus.
1618 1956 1921 2015 Acciderat
1947 1966 2149 2029 autem
2174 1960 2253 2017 ibi
2290 1978 2379 2017 res
2408 1964 2567 2021 mira
2590 1962 2774 2033 hujus·

590 2034 772 2093 modi.
850 2034 1150 2108 Epizelus,
1169 2034 1310 2091 civis
1335 2034 1733 2101 Atheniensis,
1754 2037 2125 2111 Cuphagorae
2153 2039 2331 2105 filius,
2358 2048 2531 2097 stans
2562 2043 2624 2097 in
2652 2042 2773 2105 acie,

586 2113 932 2187 fortiterque
958 2130 1247 2189 pugnans,
1269 2114 1575 2172 oculorum
1600 2132 1713 2171 usu
1742 2116 2001 2187 privatus
2029 2123 2135 2187 est,
2158 2117 2321 2173 nulla
2344 2121 2613 2192 corporis
2636 2128 2775 2195 parte

593 2211 702 2251 nec
729 2192 992 2249 cominus
1031 2208 1364 2265 percussus,
1391 2210 1505 2249 nec
1532 2193 1765 2249 eminus
1801 2194 1988 2251 ictus:
2034 2204 2097 2263 et
2122 2196 2197 2251 ab
2226 2196 2351 2252 hoc
2391 2206 2659 2273 tempore
2692 2216 2777 2271 per

593 2272 878 2346 reliquam
906 2271 1088 2327 vitam
1119 2287 1306 2327 coecus
1330 2272 1679 2345 permansit.
1748 2272 2087 2329 Memorant
2114 2282 2336 2340 autem,
2364 2276 2568 2348 ipsum
2595 2277 2665 2333 de
2686 2278 2777 2332 hae

593 2350 928 2407 calamitate
967 2348 1094 2406 haec
1121 2366 1415 2407 narrasse:
1459 2349 1657 2407 visum
1684 2366 1811 2405 esse
1836 2350 1889 2407 ei
1915 2351 2109 2415 virum
2136 2361 2427 2409 armatum
2458 2363 2671 2412 contra
2697 2355 2773 2428 ip-

593 2447 728 2487 sum
755 2436 930 2494 stare,
960 2423 1129 2499 cujus
1157 2427 1401 2485 barbam
1441 2433 1635 2485 totum
1662 2428 1873 2485 texisse
1898 2430 2170 2503 clypeum
2196 2456 2213 2501 3
2260 2431 2401 2491 illud
2430 2443 2638 2491 autem
2663 2452 2775 2507 spe-

597 2515 792 2565 ctrum
833 2506 1176 2581 praeteriisse
1215 2506 1433 2579 ipsum,
1468 2515 1527 2563 et
1554 2508 1744 2581 virum
1784 2507 1899 2563 sibi
1936 2509 2273 2581 proximum
2316 2517 2583 2570 stantem
2624 2514 2777 2569 intet-

593 2586 816 2643 fecisse.
903 2584 1047 2641 Haec
1073 2582 1384 2659 Epizelum
1413 2585 1657 2641 solitum
1686 2602 1811 2651 esse
1838 2603 2075 2643 narrare
2101 2588 2318 2644 audivi.
2444 2583 2449 2587 ’
2722 2584 2729 2597 '

675 2668 805 2721 118.
847 2662 1042 2730 Datis,
1072 2680 1208 2719 cum
1250 2662 1505 2721 exercitu
1549 2663 1609 2718 in
1654 2664 1853 2724 Asiam
1882 2664 2211 2741 prosecute,
2239 2675 2559 2742 postquam
2588 2668 2776 2745 Myso.-

591 2760 742 2799 num
792 2741 1078 2816 pervenit,
1122 2759 1223 2814 per
1263 2758 1535 2801 somnum
1581 2740 1729 2798 vidit
1774 2742 2059 2807 visionem
2080 2767 2098 2812 ;
2144 2758 2277 2818 quoe
2317 2747 2563 2819 quidem
2584 2747 2775 2821 ‚qualis

583 2818 774 2877 fuerit
802 2837 918 2877 non
946 2826 1343 2877 memoratur:
1381 2819 1481 2877 sed
1500 2820 1633 2885 ille,
1658 2820 1836 2877 simul
1862 2818 2038 2896 atque
2065 2821 2283 2889 illuxit,
2300 2827 2772 2900 ‘perquisitionem

587 2899 852 2957 instituit
882 2898 1141 2956 navium.
1194 2898 1277 2961 Et
1303 2915 1487 2972 quum
1520 2898 1579 2953 in
1604 2898 1906 2966 Phoenicia
1932 2901 2068 2957 navi
2096 2902 2447 2959 simulacrum
2473 2906 2776 2962 invenisset

593 2978 886 3052 Apollinis
916 2974 1288 3045 „inam-atum,
1330 2984 1705 3051 percontatus
1750 2985 1836 3033 est
1886 2979 2045 3035 unde
2094 2988 2331 3055 raptum
2374 2991 2568 3041 esset:
2618 2992 2776 3056 utque

585 3057 818 3125 ,audivit
844 3073 1107 3129 quonam
1134 3074 1208 3112 ex
1234 3057 1455 3129 templo
1477 3066 1649 3122 esset,
1671 3057 1795 3130 ipse
1816 3074 1925 3115 sua
1953 3058 2089 3114 navi
2117 3059 2447 3117 Delum-est
2472 3062 2774 3135 profectus,

593 3144 654 3191 et
683 3132 764 3189 ibi
789 3131 932 3205 (jam
961 3130 1206 3198 enimin
1231 3135 1489 3192 insulam
1517 3136 1731 3191 reversi
1757 3143 1922 3192 erant
1937 3135 2121 3207 Delii)
2146 3138 2535 3206 simulacrum
2559 3140 2625 3197 in
2640 3136 2773 3197 -temj-

593 3216 694 3288 plo
721 3212 1012 3287 deposuit,
1042 3213 1344 3287 Deliisque
1372 3213 1681 3287 imperavit
1704 3221 1777 3278 ‚ut
1800 3215 1865 3271 in
1896 3214 2131 3283 Delium
2158 3216 2613 3286 Thebanorum,
2638 3217 2773 3291 quod

586 3300 682 3353 ,est
711 3292 984 3347 mimate
1021 3292 1296 3349 adversus
1315 3290 1869 3358 .Chalcidem,.illud
1908 3302 2380 3369 transportarent.
2458 3296 2637 3361 Datis
2662 3296 2772 3369 qui-

595 3372 755 3436 dem,
787 3369 924 3425 dato
965 3366 1074 3427 hoc
1112 3370 1413 3437 mandam,
1445 3380 1599 3428 retro
1641 3372 1945 3445 navigavit
1974 3395 1987 3428 ε
2032 3381 2095 3429 at
2132 3381 2391 3437 statuam
2431 3375 2611 3435 istam
2635 3375 2773 3435 Delii

593 3467 717 3507 non
744 3448 1230 3521 transmiserunt3
1275 3449 1377 3505 sed
1417 3456 1553 3523 post
1592 3449 1805 3523 viginti
1844 3450 2083 3509 demum
2126 3470 2313 3514 annos
2354 3453 2471 3529 ipsi
2498 3454 2769 3521 Thebani,

588 3525 816 3597 ‚oraculi
833 3520 1031 3595 jussu,
1060 3526 1301 3585 Delium
1331 3524 1495 3583 illam
1524 3528 1919 3601 deportarunt.

623 3658 630 3661 .
681 3607 812 3675 119.
856 3603 1214 3665 Eretrienses
1243 3619 1382 3662 vero
1410 3606 1839 3675 inservitutem
1880 3607 2152 3682 abreptos
2190 3609 2365 3668 Datis
2390 3620 2453 3669 et
2478 3613 2769 3686 Artapher-

591 3704 717 3767 ²25³,
735 3690 1060 3761 ,postquam
1085 3684 1145 3739 in
1169 3686 1368 3743 Asiam
1395 3684 1464 3739 ad
1472 3685 1765 3757 pulerant,
1794 3682 1939 3748 Susa
1965 3686 2353 3750 abduxerunt.
2432 3690 2567 3747 Rex
2590 3699 2768 3747 autem

593 3765 832 3833 DariuS,
866 3779 1051 3836 quum
1070 3832 1075 3838 ,
1092 3762 1549 3829 EretriensibuS‚
1588 3764 1923 3838 priusquam
1967 3766 2125 3839 capti
2160 3777 2381 3834 essent,
2422 3766 2771 3827 vehementer

592 3847 803 3905 fuisset
829 3843 1034 3909 iratuS,
1063 3842 1276 3920 quippe
1303 3842 1406 3915 qui
1431 3841 1603 3914 primi
1632 3850 1899 3922 auctpres
1922 3843 2157 3901 fuerant
2190 3842 2541 3917 injuriarum
2564 3872 2581 3915 ;
2624 3862 2767 3903 nunc

593 3924 855 3989 eosdem,
872 3919 978 3977 ubi
1006 3919 1077 3975 ad
1108 3938 1168 3977 se
1193 3920 1474 3991 abductos
1494 3928 1555 3977 et
1580 3937 1688 3977 sua
1713 3921 1775 3980 in
1800 3930 2089 3996 potestate
2113 3924 2280 3991 vidit,
2304 3925 2469 3983 nullo
2486 3926 2603 3982 alio
2629 3924 2767 3983 malo

594 3998 826 4070 adfecit,
848 3998 950 4067 sed
970 3998 1134 4072 sedes
1153 3999 1270 4055 illis
1298 4000 1356 4055 in
1381 4006 1537 4055 terra
1548 3999 1737 4055 Cissia
1755 3998 2113 4075 adsignavit,
2130 4002 2193 4059 in
2218 4019 2343 4061 una
2354 4019 2596 4063 suarum
2616 4018 2765 4059 man-

594 4082 830 4135 sionum
857 4095 990 4151 quae
1014 4074 1319 4137 Ardericca
1345 4084 1605 4135 vocatur.
1682 4077 1863 4135 Abest
1890 4079 1994 4135 illa
2018 4080 2219 4137 decem
2248 4090 2307 4139 et
2332 4082 2577 4143 ducenta
2600 4080 2765 4141 stadis

593 4178 630 4215 a
659 4158 840 4226 Susis»,
861 4156 1246 4235 quadraginta
1269 4173 1408 4215 vero
1434 4153 1622 4216 stadia
1643 4174 1679 4213 a
1692 4164 1883 4231 puteo,
1906 4158 2009 4235 qui
2035 4166 2153 4217 tres
2178 4160 2434 4241 diversas
2460 4178 2651 4220 rerum
2674 4174 2761 4221 ex,-
