2925 4992
583 324 708 385 sls
1157 314 2271 383 HERO'DOTI-HISTOR.V11.

596 489 644 517 ‘³
665 480 1020 539 sufficientes
1063 475 1294 559 judicas
1347 486 1581 539 nostros
1633 427 1965 553 adparatus,
2008 477 2313 536 celerrime
2364 476 2495 536 aliae
2538 477 2767 541 contrahi

597 564 638 597 “
669 555 854 634 eopiae
879 548 1216 633 poterunt.n

669 646 767 698 49.
805 637 966 695 Tum
994 637 1350 706 Artabanus,
1382 644 1427 672 “
1453 638 1647 714 Ῑίειι,υ
1675 638 1889 715 inquit,
1916 644 1965 671 “
1988 655 2176 712 neque
2204 636 2267 694 in
2296 636 2580 695 exercitus
2610 632 2763 708 hujus

583 726 643 755 ·“
671 734 940 783 numero,
971 733 1161 791 neque
1197 712 1265 773 in
1311 711 1558 779 navium
1600 718 1791 793 copia,
1819 718 2128 793 quisquam
2162 734 2319 774 sanae
2360 717 2573 773 mentis
2612 718 2763 772 homo

595 803 639 833 ‘³‘
666 796 886 889 aliquid
923 795 1351 852 desideraverit.
1430 799 1544 854 49
1558 788 1615 853 i.
1659 797 1817 860 Quin
1861 796 2061 861 etiarn,
2093 796 2143 851 si
2188 796 2387 869 plures
2426 795 2765 852 contraheres

595 884 642 911 “
661 876 887 951 copias,
930 874 1124 930 multo
1169 876 1361 949 magis
1403 870 1541 933 tibi
1559 878 1677 932 duo
1716 875 1839 953 illa,
1878 892 2009 949 quae
2060 873 2209 941 dico,
2252 876 2548 931 contraria
2582 874 2767 930 forent.

597 962 642 991 ‘⁶
671 956 828 1011 Sunt
856 960 1051 1043 autem
1081 953 1206 1009 hoec
1231 952 1372 1021 duo,
1391 952 1547 1011 ‘terra
1570 962 1630 1011 et
1656 972 1833 1011 mare.
1912 954 2041 1031 Nec
2070 954 2229 1009 enim
2256 954 2317 1009 in
2349 954 2497 1009 mari
2526 970 2766 1028 usquam,

597 1041 644 1069 “
672 1042 743 1091 ut
766 1028 882 1107 ego
909 1026 1186 1103 con-jicio,
1201 1040 1336 1089 tam
1365 1024 1673 1109 spatiosus
1681 1041 1893 1114 portus
1916 1040 2027 1099 est,
2044 1029 2178 1117 qui,
2198 1040 2409 1089 coorta
2436 1040 2767 1107 tempestate,

599 1119 646 1146 “
673 1128 879 1185 capere
907 1117 1074 1167 tuam
1101 1110 1368 1180 classem,
1398 1120 1459 1169 et
1486 1120 1646 1170 tutas
1672 1120 1946 1186 praestare
1974 1104 2150 1167 na‘ves
2190 1113 2393 1185 possit.
2475 1110 2645 1185 Atqui
2668 1126 2767 1165 non

593 1196 642 1225 “
669 1189 850 1247 modo
875 1206 1063 1245 uuum
1085 1191 1277 1246 talem
1319 1198 1551 1264 oportet
1594 1208 1719 1246 esse
1760 1198 2039 1273 portum3
2086 1186 2187 1245 sed
2234 1188 2293 1246 in
2337 1207 2567 1265 quaque
2607 1188 2765 1245 conti-

595 1276 640 1304 “
667 1262 868 1335 neate,
882 1285 1077 1343 quam
1103 1268 1298 1337 classis
1328 1278 1430 1327 tua
1463 1266 1938 1343 praeterveh'etur,
1968 1285 2094 1325 esse
2122 1258 2329 1325 ·talem
2340 1267 2768 1343 oportet.1gi·

597 1354 644 1382 “
666 1355 765 1405 tur
791 1365 1006 1430 quum
1003 1346 1248 1416 idoneos
1285 1366 1404 1405 non
1443 1348 1659 1405 habeas
1699 1354 1927 1425 portus,
1956 1355 2281 1411 memento
2300 1347 2609 1404 homines
2594 1364 2649 1403 ιιι
2687 1362 2770 1420 po-

585 1432 643 1461 ‘³
661 1434 878 1501 testate
903 1442 1028 1483 esse
1053 1442 1300 1485 casuum
1332 1416 1614 1493 fortunae,
1645 1444 1761 1483 non
1791 1444 1958 1484 casus
1999 1425 2291 1484 fortunae
2274 1442 2335 1482 ιιι
2376 1432 2663 1502 potestate
2684 1426 2771 1481 ho-

587 1512 646 1544 ’“
675 1506 924 1564 minum.
1010 1505 1106 1563 49.
1133 1510 1190 1561 2.
1229 1504 1554 1585 Postquam
1594 1524 1782 1565 unum
1824 1524 1897 1563 ex
1924 1504 2154 1561 duobus
2194 1495 2310 1562 illis
2350 1505 2612 1597 exposui,
2638 1520 2767 1561 nunc

587 1590 643 1627 “
667 1586 918 1641 alterum
947 1584 1158 1642 dicam.
1237 1580 1421 1641 Terra
1462 1602 1674 1658 nempe
1710 1584 1818 1641 tibi
1858 1584 1941 1640 ita
1982 1566 2273 1639 contraria
2300 1592 2414 1651 est,
2444 1592 2537 1651 ut,
2566 1585 2615 1640 si
2651 1580 2770 1639 nihil

586 1666 640 1722 ·.“
671 1664 849 1720 fuerit
866 1664 1022 1736 quod
1049 1663 1154 1719 tibi
1181 1662 1396 1731 obstet,
1417 1672 1586 1721 tanto
1614 1662 1806 1739 magis
1830 1662 1933 1719 illa
1958 1661 2157 1719 futura
2178 1652 2255 1719 sit
2281 1652 2599 1732 contraria,
2616 1678 2770 1735 quan-

588 1748 642 1777 “
667 1743 746 1799 do
788 1743 1029 1818 longius
1076 1742 1483 1818 progredieris,
1524 1742 1868 1815 imprudens
1909 1732 2158 1797 ulterius
2197 1758 2439 1815 semper
2474 1742 2765 1816 abreptus3

528 1893 533 1898 ⁸
589 1828 644 1859 ³“
669 1838 808 1878 nam
847 1822 1142 1878 felicitatis
1187 1822 1352 1879 nulla
1389 1822 1727 1881 hominibus
1768 1810 2004 1877 satietas
2032 1826 2137 1875 est.
2220 1822 2439 1896 igitur,
2471 1821 2582 1877 hoc
2609 1820 2770 1895 posito

589 1906 641 1939 ¹‘
669 1899 818 1956 nihil
841 1900 951 1956 tibi
973 1902 1226 1965 obstare,
1255 1909 1469 1957 terram
1498 1902 1649 1966 dict),
1679 1918 1865 1974 quum
1894 1898 2242 1973 procedente
2271 1910 2540 1973 tempore
2561 1897 2769 1955 ulterius

574 1985 646 2038 .“
673 1994 906 2051 semper
939 1978 1350 2057 progredieris,
1381 1978 1602 2035 famem
1638 1979 1748 2038 tibi
1780 1995 1903 2033 esse
1932 1976 2277 2037 adlaturam.
2360 1980 2441 2035 At
2466 1980 2556 2035 vir
2594 1979 2667 2035 ita
2690 1976 2770 2031 de-

574 2063 644 2116 .›“
669 2069 839 2113 mum
873 2058 1098 2131 optime
1138 2052 1312 2113 rebus
1346 2047 1469 2113 suis
1505 2058 1891 2122 consuluerit,
1920 2056 1967 2112 si
2014 2055 2073 2110 in
2119 2056 2504 2115 deliberando
2546 2054 2768 2130 quidem,

576 2140 644 2195 .⁴‘
669 2132 960 2209 quidlibet
997 2132 1110 2191 sibi
1149 2134 1406 2192 accidere
1447 2154 1619 2211 posse
1668 2136 1968 2239 reputanS,
2006 2127 2367 2217 extimescat,
2395 2138 2467 2209 in
2505 2136 2565 2193 re
2604 2143 2769 2196 autem

589 2221 668 2256 ·'“
677 2214 908 2289 agenda
933 2214 1104 2271 fortis
1132 2222 1310 2289 atque
1334 2216 1539 2271 audax
1555 2213 1789 2272 fuerit·.⁴'

678 2296 772 2351 50.
811 2292 1140 2371 Respondit
1165 2294 1378 2350 Xerxes
1403 2294 1493 2350 his
1512 2289 1751 2379 vespis:
1790 2298 1845 2325 λ’
1874 2292 2203 2359 Artabanei
2256 2294 2439 2351 Recte
2476 2304 2544 2361 tu
2568 2292 2769 2369 quidem

595 2380 644 2407 “
671 2373 799 2431 haec
824 2368 1065 2449 singula
1085 2372 1385 2451 disputas.
1431 2382 1493 2429 at
1524 2389 1725 2455 neque
1763 2372 1964 2429 omnia
2004 2374 2339 2438 extimesce,
2370 2388 2566 2452 neque
2602 2372 2772 2430 omnia

585 2459 641 2491 ·“
665 2453 885 2525 pariter
915 2452 1114 2508 animo
1143 2452 1342 2508 solve!
1417 2456 1527 2508 -.5o
1559 2458 1611 2508 ·1.
1652 2452 1808 2508 Nam
1838 2452 1886 2506 si
1913 2447 1975 2505 in
1992 2469 2251 2547 quaque
2266 2469 2324 2507 re
2350 2452 2646 2527 proposita
2670 2466 2772 2505 om-

596 2538 643 2565 “
669 2532 774 2587 nia
799 2530 1002 2587 animo
1029 2531 1286 2613 volvere,
1303 2548 1437 2617 quae
1464 2530 1717 2588 incidere
1743 2524 2016 2604 possunt,
2044 2526 2321 2598 volueris,
2344 2530 2499 2587 nihil
2523 2546 2771 2603 umquam

588 2615 644 2646 β’
673 2608 924 2667 efficies:
959 2596 1186 2665 melius
1195 2611 1285 2665 est
1299 2605 1521 2675 autem,
1544 2616 1761 2665 cuncta
1780 2608 2027 2667 fidenter
2054 2608 2473 2684 adgrediendO,
2494 2610 2769 2667 dimidium

591 2692 641 2725 ‘⁴'
669 2688 794 2762 pati
843 2688 1390 2759 incommodorum3
1429 2705 1626 2762 -quam
1680 2686 1882 2745 omnia
1933 2685 2303 2764 timentem,
2314 2688 2471 2745 nihil
2525 2703 2768 2764 umquam

595 2765 814 2841 “pati.
894 2766 1097 2833 Porro,
1126 2766 1178 2823 si
1201 2766 1477 2824 adversus
1510 2766 1711 2824 omnia
1748 2784 1883 2841 quae
1913 2764 2217 2829 dicuntur
2233 2768 2623 2843 comendae,
2652 2762 2773 2823 nihil

591 2850 645 2876 “
671 2852 870 2902 tamen
897 2845 1041 2901 certi
1065 2846 1196 2919 ipse
1216 2846 1458 2920 promis,
1474 2840 1640 2902 labi
1624 2864 1686 2902 m
1711 2845 1803 2901 his
1828 2844 2043 2939 pariter
2065 2834 2240 2902 debes
2263 2855 2320 2901 at
2408 2865 2442 2903 e
2468 2848 2519 2903 is
2547 2847 2640 2921 qui
2658 2862 2771 2902 con

591 2928 646 2955 “
669 2924 852 2981 traria
877 2923 1045 2981 dixit.
1112 2923 1248 2979 Hoc
1275 2926 1510 2999 quidem
1538 2921 1727 2999 igitur
1754 2918 1990 3001 perinde
2015 2933 2120 2981 est.
2188 2926 2303 2983 Cer
2332 2921 2429 2981 a't'n
2462 2928 2654 3011 autern
2672 2920 2771 2979 veri

591 3008 640 3035 ⁸‘
669 3000 1099 3078 cognitionem,
1117 3004 1350 3076 qualem
1379 3004 1712 3077 oportebat,
1736 2996 1950 3059 hab'e're
1968 3004 2281 3083 mortalem
2308 3012 2458 3078 puto
2480 3000 2769 3061 neminem

585 3086 642 3115 ³“
669 3082 900 3157 Itaque,
929 3082 1030 3159 qui
1059 3100 1234 3158 agere
1255 3081 1489 3147 volunt,
1521 3082 1627 3139 hos
1668 3065 2014 3155 plerumque
2054 3084 2219 3155 sequi
2260 3092 2421 3139 amat
2463 3097 2768 3151 successus:

599 3162 644 3193 “
669 3162 774 3234 qui
811 3178 954 3217 vero
993 3162 1196 3217 omnia
1234 3168 1573 3235 reputantes
1615 3163 1989 3237 cunctantur,
2022 3160 2168 3217 nihil
2210 3141 2563 3249 proficiunt.
2617 3156 2707 3217 ’ὕοι
2728 3162 2772 3213 2.

593 3244 645 3297 ‘f
671 3238 852 3295 Vides
880 3256 969 3295 res
996 3238 1306 3296 Persarum
1347 3256 1655 3331 quousque
1697 3240 2012 3313 potentiae
2018 3238 2326 3309 creverint.
2379 3230 2611 3305 'Qubd
2614 3241 2659 3296 si
2682 3234 2772 3313 igi·

595 3321 643 3350 “
667 3324 766 3374 tur
803 3335 972 3393 reges
1013 3318 1122 3385 illi,
1149 3319 1253 3393 qui
1281 3326 1414 3375 ante
1453 3334 1552 3374 me
1591 3317 1862 3385 fuerunt,
1894 3318 1956 3374 in
1986 3338 2055 3374 ea
2084 3319 2331 3393 fuissent
2373 3320 2658 3387 sententia
2680 3333 2774 3395 qua

597 3400 645 3427 “
675 3402 746 3452 tu
783 3414 867 3461 ee,
895 3402 1000 3453 aut
1043 3397 1114 3462 si,
1149 3414 1335 3470 quum
1380 3396 1549 3454 aliter
1591 3394 1827 3471 quidem
1856 3397 1979 3484 ipsi
2019 3385 2355 3465 sensissent,
2388 3398 2576 3457 secuti
2613 3394 2774 3453 essent

595 3478 640 3505 “
667 3474 978 3531 consilium
1007 3476 1327 3533 hominum
1355 3478 1445 3532 tui
1488 3475 1794 3543 similium,
1824 3491 2189 3551 nequaquam
2218 3474 2445 3534 videres
2488 3472 2577 3535 res
2600 3490 2771 3553 eorum

624 3552 730 3609 ‘in
785 3554 899 3610 hoc
953 3552 1259 3629 fastigium
1303 3562 1571 3611 evectas.
1621 3570 1781 3611 nunc
1816 3554 1934 3621 illi,
1976 3550 2370 3630 periculorum
2422 3554 2607 3613 ale'am
2654 3535 2768 3611 sub-

593 3636 649 3665 “
669 3632 884 3696 eundo,
912 3632 1030 3690 huc
1055 3652 1154 3693 eas
1181 3640 1437 3690 evexere.
1496 3621 1761 3727 Magnae
1794 3634 1950 3690 enim
1988 3652 2078 3695 res
2123 3652 2245 3690 non
2292 3635 2405 3709 nisi
2447 3634 2667 3719 maguis
2689 3648 2772 3707 pe,-

593 3716 640 3743 “
667 3709 866 3767 riculis
919 3712 1132 3769 confici
1175 3718 1438 3786 possunt.
1532 3711 1662 3769 Nos
1705 3712 1911 3787 igitur,
1960 3713 2196 3769 illorum
2246 3713 2403 3769 facta
2437 3712 2769 3782 aemulantes,

586 3794 642 3827 “
667 3790 896 3864 optimo
919 3791 1062 3848 anni
1099 3798 1364 3865 tempore
1408 3790 1520 3846 iter
1561 3806 1765 3847 sumus
1808 3790 2099 3866 ingressi·
2154 3800 2214 3849 et
2254 3792 2495 3863 subacta
2540 3779 2774 3857 universa

593 3872 645 3903 ‘⁸'
666 3867 909 3942 Europa
934 3869 1180 3927 domum
1203 3872 1585 3935 revertemur,
1614 3886 1725 3926 nec
1766 3868 1991 3927 famem
2019 3888 2266 3953 usquam
2298 3870 2471 3945 passi,
2486 3888 2604 3929 nec
2636 3864 2769 3925 aliud

585 3952 639 3981 <“
663 3946 987 4021 quidquam
1009 3948 1177 4005 triste
1201 3948 1444 4022 experti.
1523 3948 1681 4005 Nam
1706 3954 1767 4005 et
1792 3948 2127 4007 commeatu
2150 3948 2371 4007 affatim
2388 3946 2662 4007 instructi
2684 3946 2773 4000 iter

589 4030 640 4067 “
667 4024 940 4093 facimus,
961 4033 1050 4094 et,
1077 4042 1513 4101 quamcumque
1552 4026 1616 4083 in
1653 4034 1892 4093 terram,
1932 4044 2367 4103 quemcumque
2400 4028 2473 4085 ad
2516 4026 2769 4103 populum

591 4108 645 4143 -⁴“
673 4105 1103 4177 perveniemus,
1122 4102 1302 4175 hujus
1319 4122 1381 4160 re
1395 4104 1782 4162 frumentaria
1802 4108 2078 4164 utemur.
2136 4125 2246 4165 nec
2272 4108 2430 4167 enim
2452 4104 2769 4167 nomadibus

597 4188 644 4215 “
672 4182 1028 4250 homiuibus,
1057 4182 1158 4242 sed
1187 4182 1537 4253 aratoribuS,
1564 4184 1817 4243 facimus
1847 4184 2125 4244 beilum.’'
