2925 4992
1135 327 1428 390 OLIO.
2313 335 2399 392 29

181 491 222 520 “
245 483 386 543 dem
411 491 578 544 tanto
603 483 802 542 studio
831 484 1022 542 facere
1045 495 1318 561 properat
1335 490 1394 543 ?”
1433 487 1595 544 Tum
1623 503 1747 554 rex,
1792 493 1839 519 “
1867 487 2155 554 Urbem‚”
2180 486 2393 564 inquit,

183 573 224 598 “
251 573 420 622 tuam
445 566 666 638 diripit,
693 571 755 620 et
779 581 920 638 opes
945 573 1080 622 tuas
1099 566 1397 639 dissipat.”
1463 566 1537 622 At
1564 566 1799 622 Croesus
1822 568 2156 642 respondit:
2204 574 2241 600 ‘⁴
2272 569 2396 625 Ne-

181 651 226 676 “
251 661 370 718 que
393 661 594 700 meam
621 645 857 708 urbem,
887 661 992 700 nec
1017 661 1180 699 meas
1219 661 1360 717 opes
1385 643 1620 717 diripit;
1666 645 1817 701 nihil
1842 648 2000 703 enim
2028 646 2243 702 horum
2268 663 2397 704 am-

177 729 220 756 “
245 723 402 796 plius
429 723 504 777 ad
533 739 630 776 me
655 722 948 794 pertinet:
995 723 1096 779 sed
1125 731 1229 778 tua
1255 730 1447 796 agunt
1476 723 1853 796 feruntque.”

269 805 366 858 89.
409 801 678 856 Advertit
715 800 828 855 hoc
866 800 1090 856 dictum
1132 801 1396 856 animum
1423 801 1601 874 Cyri:
1644 802 1843 875 itaque
1884 803 2125 858 remotis
2166 801 2398 858 arbitris

179 879 572 954 interrogavit
615 880 907 944 Croesum,
953 879 1085 950 quid
1133 885 1295 944 esset,
1344 881 1487 950 quod
1533 879 1635 934 sibi
1664 879 1985 952 faciendum
2030 882 2087 936 in
2131 879 2235 948 his,
2282 897 2399 952 quoe

164 959 390 1032 fierent,
435 957 718 1012 censeret?
828 955 988 1012 Tum
1028 957 1160 1013 ille:
1210 963 1253 988 “
1281 956 1582 1016 Quoniam
1623 957 1766 1024 dii,''
1813 959 2029 1032 inquit,
2076 964 2115 989 “
2144 977 2241 1014 me
2288 958 2401 1014 tibi

177 1043 222 1068 “
249 1053 493 1091 servum
521 1033 905 1098 tradiderunt,
932 1051 1170 1108 aequum
1195 1051 1426 1100 censeo,
1447 1043 1537 1098 ut.
1559 1035 1606 1089 si
1632 1036 1771 1109 quid
1792 1037 2173 1093 commodum
2200 1035 2398 1104 video,

179 1114 310 1169 “id
353 1114 464 1170 tibi
511 1112 782 1170 iudicem.
863 1112 1054 1168 Persae
1098 1120 1312 1168 natura
1337 1113 1595 1186 protervi
1636 1121 1799 1179 sunt,
1844 1114 2138 1188 iidemque
2176 1115 2397 1188 inopes.

182 1199 226 1224 “
255 1191 440 1253 Quod
465 1191 518 1246 si
545 1191 732 1264 igitur
771 1190 880 1246 hos
917 1207 1126 1262 passus
1163 1191 1348 1246 fueris
1387 1199 1617 1264 raptam
1644 1193 1953 1266 ingentem
1978 1194 2245 1266 pecuniae
2271 1193 2396 1248 vim

181 1277 224 1302 “
253 1270 368 1325 sibi
397 1270 665 1334 retinere,
701 1269 812 1324 hoc
844 1269 956 1324 tibi
981 1271 1058 1324 ab
1084 1269 1178 1325 his
1217 1267 1493 1324 credibile
1516 1283 1605 1324 est
1628 1279 2015 1328 eventurum:
2058 1279 2125 1326 ut
2152 1271 2401 1344 quisque

183 1348 512 1404 “istorum
561 1346 830 1418 plurimis
867 1347 1080 1420 opibus
1129 1346 1308 1402 fuerit
1351 1348 1599 1421 potitus,
1628 1348 1710 1403 ita
1756 1349 2015 1404 maxime
2066 1359 2401 1422 exspectare

181 1433 224 1458 “
253 1425 503 1481 debebis
547 1425 706 1480 bunc
753 1424 1032 1480 adversus
1079 1434 1137 1479 te
1168 1426 1655 1480 insurrecturum.
1734 1426 1917 1483 Nunc
1960 1426 2144 1500 igitur
2169 1428 2254 1482 ita
2280 1427 2398 1491 fac,

181 1511 223 1537 “
253 1505 305 1560 si
333 1505 448 1560 tibi
476 1503 758 1576 placuerit
784 1503 936 1576 quod
959 1519 1074 1577 ego
1099 1503 1244 1558 dico.
1305 1503 1552 1576 Adpone
1579 1503 1649 1558 ad
1676 1521 1877 1560 omnes
1904 1514 2101 1576 portas
2128 1505 2399 1560 custodes

187 1589 228 1615 “
253 1600 332 1639 ex
360 1580 738 1646 satellitibuS,
768 1581 869 1655 qui
911 1580 1358 1653 exportantibus
1397 1599 1491 1636 res
1528 1583 1825 1646 auferant,
1854 1581 2140 1647 dicentes,
2169 1599 2403 1639 necesse

184 1669 224 1692 “
252 1677 384 1717 esse
407 1667 480 1714 ut
505 1677 710 1714 earum
749 1659 988 1714 decimae
1026 1659 1162 1714 Jovi
1189 1657 1531 1715 offerantur.
1610 1657 1703 1714 Sic
1740 1675 1849 1714 nec
1877 1667 1943 1714 tu
1976 1657 2039 1714 in
2078 1660 2280 1715 odium
2324 1661 2399 1716 il-

181 1746 221 1771 “
249 1740 452 1795 lorum
481 1737 762 1802 incurres,
792 1753 894 1808 per
922 1738 1044 1792 vim
1069 1734 1154 1792 eis
1183 1754 1272 1792 res
1301 1735 1625 1802 auferendo
1644 1762 1665 1809 i
1706 1749 1767 1792 et
1809 1737 1914 1804 illi,
1936 1732 2100 1806 justa
2122 1745 2179 1794 te
2206 1736 2399 1794 facere

179 1823 221 1850 “
251 1817 677 1889 intelligentem,
707 1815 924 1871 facient
949 1833 1070 1870 non
1101 1813 1322 1870 inviti.”

251 1899 358 1953 90.
405 1894 549 1950 Haec
587 1892 830 1949 audiens
879 1893 1068 1966 Cyrus
1115 1911 1293 1967 supra
1331 1893 1579 1950 modum
1620 1894 1859 1968 gavisus
1894 1901 2002 1962 est,
2020 1894 2113 1952 ita
2134 1895 2223 1952 illi
2251 1895 2401 1952 bene

180 1974 417 2030 monita
464 1971 837 2028 videbantur.
915 1971 1112 2045 Igitur
1146 1972 1316 2027 valde
1352 1973 1591 2030 laudato
1621 1975 1847 2040 Croes0,
1882 1969 2181 2048 jussisque
2222 1972 2399 2030 satel-

179 2052 390 2109 litibus
438 2051 678 2123 exsequi
714 2066 847 2123 quae
889 2049 988 2104 ille
1025 2058 1352 2114 monuerat,
1381 2051 1473 2106 his
1500 2051 1694 2108 verbis
1736 2069 1875 2108 eum
1918 2060 2008 2110 est
2042 2053 2349 2108 adlocutus
2382 2067 2399 2106 ε

182 2137 223 2161 “
253 2131 484 2194 Croese,
511 2128 796 2202 quoniam
841 2128 953 2182 hoc
996 2126 1104 2183 tibi
1147 2125 1491 2184 institutum
1518 2137 1627 2194 est,
1652 2137 1723 2186 ut
1750 2131 1859 2186 viri
1886 2131 2041 2206 regis
2066 2131 2215 2186 bene
2242 2131 2401 2186 facta

179 2213 221 2239 “
249 2209 532 2280 dictaque
555 2207 909 2279 exsequaris,
937 2216 1070 2278 pete
1094 2206 1378 2280 quidquid
1411 2208 1685 2263 muneris
1712 2226 1748 2263 a
1770 2226 1865 2264 me
1891 2209 2147 2266 volueris
2170 2210 2229 2265 in
2255 2225 2402 2282 prae-

183 2292 226 2318 “
256 2287 456 2342 sentia
478 2285 592 2339 tibi
621 2283 803 2339 dari.”
853 2283 934 2339 Et
961 2284 1096 2340 ille:
1141 2291 1182 2316 “
1206 2283 1532 2347 Domine‚”
1572 2287 1779 2358 inquit,
1812 2292 1852 2317 “
1880 2287 2137 2344 maxime
2161 2295 2402 2362 gentum

184 2371 227 2396 “
257 2365 412 2420 mihi
437 2363 660 2427 feceris,
681 2363 732 2418 si
747 2358 948 2418 siveris
965 2381 1060 2418 me
1077 2362 1254 2418 deum
1273 2363 1639 2430 Graecorum,
1664 2381 1841 2437 quem
1856 2365 2115 2420 maxime
2133 2365 2402 2421 omnium

181 2449 222 2474 “
249 2451 566 2500 veneratus
613 2459 793 2507 eram,
833 2441 1029 2495 missis
1072 2441 1232 2496 hisce
1263 2440 1643 2512 compedibus
1684 2443 2066 2518 interrogare,
2094 2439 2404 2516 Numquid

182 2527 224 2554 “
251 2521 345 2577 illi
371 2522 462 2576 fas
489 2520 590 2585 sit,
615 2519 757 2574 bene
785 2519 856 2574 de
881 2516 1012 2592 ipso
1042 2519 1280 2576 meritos
1299 2518 1566 2592 decipere
1587 2521 1647 2574 ?”
1728 2520 2033 2581 Quaerenti
2058 2521 2192 2576 dein
2224 2521 2401 2594 Cyr0,

181 2599 326 2674 quid
375 2599 458 2655 rei
507 2605 680 2663 esset,
707 2598 779 2652 de
826 2613 943 2669 qua
989 2597 1160 2653 illum
1201 2613 1481 2653 accusans
1522 2599 1675 2654 hanc
1700 2616 1734 2654 a
1762 2615 1823 2654 se
1850 2600 2103 2673 gratiam
2128 2605 2395 2673 peteret3

186 2679 364 2734 altius
394 2683 668 2749 repetens
697 2677 953 2740 Croesus,
980 2673 1222 2730 consilia
1248 2693 1356 2731 sua
1381 2677 1587 2732 omnia
1619 2679 1909 2750 exposuit,
1938 2685 2000 2733 et
2024 2677 2403 2734 oraculorum

183 2773 487 2830 responsa,
514 2754 885 2826 maximeque
909 2754 1156 2809 donaria
1179 2755 1288 2809 deo
1317 2771 1354 2808 a
1377 2771 1438 2808 se
1463 2753 1678 2820 dicata,
1707 2763 1767 2811 et
1792 2772 1911 2830 quo
1940 2763 2115 2830 pacto
2140 2755 2403 2812 concita-

182 2843 282 2891 tus
309 2833 540 2890 oraculi
563 2849 838 2905 responso
887 2831 1109 2887 bellum
1151 2832 1426 2887 adversus
1472 2831 1671 2889 Persas
1715 2835 2083 2908 suscepisset.
2164 2833 2403 2894 Quibus

181 2912 686 2976 commemoratis,
715 2923 915 2966 rursus
943 2911 1015 2966 ad
1069 2927 1270 2982 preces
1297 2926 1361 2965 se
1387 2912 1699 2977 convertit,
1727 2929 1943 2987 rogans
1964 2920 2038 2968 -ut
2062 2910 2176 2967 sibi
2201 2912 2404 2970 liceret

181 2992 296 3048 ista
329 2991 689 3064 exprobrare
731 2988 859 3044 den.
940 2988 1056 3044 Cui
1097 2987 1368 3044 adridens
1399 2989 1609 3062 Cyrus,
1655 2995 1695 3020 “
1727 2989 1806 3047 Et
1829 2991 2005 3054 hoc,'’
2040 2989 2254 3063 inquit,
2300 2996 2342 3022 “
2368 3008 2405 3045 a

181 3076 224 3102 “
255 3087 356 3125 me
401 3065 764 3138 impetrabiS,
811 3073 870 3122 et
914 3065 1198 3139 quidquid
1243 3065 1404 3120 aliud
1444 3066 1785 3123 idemtidem
1830 3086 1867 3122 a
1906 3083 2003 3122 me
2049 3067 2403 3141 rogaveris.”
2428 3095 2434 3100 ·

187 3147 302 3205 His
355 3143 577 3203 auditis
631 3144 868 3200 Croesus
922 3143 1228 3219 Lydorum
1287 3143 1607 3200 nonnullos
1660 3144 1923 3218 Delphos
1976 3145 2154 3210 misit,
2198 3139 2401 3214 jussos

183 3226 394 3300 positis
436 3225 512 3280 ad
557 3224 762 3297 templi
787 3223 969 3279 limen
1005 3222 1386 3295 compedibus
1415 3220 1716 3288 sciscitari,
1744 3225 1943 3279 Annon
1963 3224 2195 3296 puderet
2221 3223 2401 3292 deum,

189 3306 334 3378 quod
362 3303 578 3358 oraculi
624 3304 886 3373 responsis
922 3303 1202 3356 excitasset
1234 3299 1469 3356 Croesum
1496 3302 1567 3355 ad
1606 3295 1802 3356 bellum
1832 3303 2014 3358 Persis
2039 3300 2402 3375 inferendum,

187 3380 392 3454 injecta
418 3399 514 3452 spe
536 3397 842 3436 eversurum
875 3397 996 3434 eum
1019 3397 1128 3437 esse
1155 3379 1287 3451 Cyri
1312 3381 1633 3452 potentiam,
1662 3381 1803 3435 unde
1840 3382 1975 3436 tales
2004 3383 2107 3453 ipsi
2141 3383 2403 3452 primitioe

185 3463 488 3518 evenissent
507 3459 540 3513 ,9
578 3475 789 3531 nempe
817 3457 1126 3531 compedes
1153 3458 1209 3513 ei
1235 3457 1629 3514 ostenderent.
1712 3457 1847 3514 Hoc
1897 3456 2079 3534 igitur
2124 3459 2400 3516 sciscitari

175 3535 331 3612 jussi
361 3547 529 3603 sunt,
559 3543 637 3602 et,
668 3535 908 3610 numsas
949 3539 1021 3590 sit
1045 3537 1148 3592 diis
1183 3536 1512 3601 Graecorum,
1542 3554 1651 3591 esse
1677 3539 1928 3608 ingratis.

269 3619 366 3672 91.
405 3615 592 3690 Lydis
611 3613 758 3670 illuc
787 3613 1084 3688 profectis,
1113 3631 1182 3670 ac
1208 3613 1487 3669 mandata
1522 3616 1835 3682 exsecutiS,
1864 3615 2081 3688 Pythia
2107 3617 2293 3673 fertur
2316 3617 2404 3675 ita

187 3694 594 3770 respondisse:
667 3700 712 3724 “
743 3693 974 3749 Sortem
999 3693 1125 3748 fato
1151 3692 1499 3749 destinatam
1543 3692 1799 3768 effugere
1841 3695 2021 3750 etiam
2061 3694 2226 3750 Deus
2278 3713 2401 3751 non

190 3781 232 3808 “
262 3780 476 3849 potest.
559 3771 792 3827 Croesus
819 3780 1018 3827 autem
1039 3771 1230 3844 quinti
1253 3770 1541 3845 genitoris
1566 3778 1873 3844 peccatum
1893 3773 2039 3842 luit-3
2085 3773 2188 3846 qui
2215 3780 2403 3845 quum

191 3859 235 3886 “
267 3851 504 3910 satelles
531 3849 742 3906 fuisset
774 3849 1237 3915 Heraclidarum‚
1267 3845 1529 3904 mulieris
1565 3848 1703 3905 dolo
1738 3849 2074 3915 obsecutus,
2104 3852 2405 3910 interemit
2474 3855 2485 3860 ”

190 3933 235 3964 “
265 3930 604 3992 dominum,
633 3927 906 4002 illiusque
945 3927 1236 4002 dignitate
1282 3927 1504 3998 potitus
1532 3935 1639 3993 est,
1669 3928 1813 3984 nihil
1862 3928 1935 3983 ad
1983 3930 2179 4001 ipsum
2218 3929 2401 4001 perti-

193 4017 238 4040 “
272 4015 468 4064 nente.
549 4006 838 4065 Quamvis
865 4013 1067 4062 autem
1103 4003 1388 4060 studuerit
1416 4005 1648 4078 Apono,
1680 4013 1753 4062 ut
1790 4006 1901 4061 ista
1948 4006 2221 4062 Sardium
2248 4007 2403 4064 cala-

190 4094 232 4120 “
259 4087 436 4144 mitas
481 4083 770 4140 incideret
809 4083 1063 4140 filiorum
1107 4083 1293 4139 Croesi
1342 4091 1537 4149 aetate,
1569 4101 1687 4140 non
1729 4083 1963 4139 vivente
2004 4084 2135 4158 ipso
2176 4086 2403 4153 Croeso,

191 4173 232 4198 ‘⁸
261 4173 494 4226 mutare
518 4170 718 4220 tamen
741 4161 864 4219 fata
911 4179 1027 4219 non
1073 4159 1306 4237 potuit:
1355 4161 1801 4236 sed,·quant,um
1840 4161 1941 4218 illa
1984 4163 2399 4239 permiserunt,
