2925 4992
479 325 592 384 '36
1085 321 1585 382 HERODOTI
1651 319 2019 379 HISTOR.
2086 321 2135 379 1.

515 499 656 540 vero
683 479 990 546 idiomate,
1010 479 1187 553 Spaco
1209 503 1228 534 .·
1271 497 1454 535 canem
1492 481 1657 536 enim
1694 497 1861 553 spaca
1898 480 2101 536 dicunt
2129 479 2314 542 Medi.
2392 477 2589 536 Saltus
2616 478 2745 534 ειη-ἱ

517 570 642 618 tem
669 561 991 624 montium,
1019 560 1125 614 ubi
1152 559 1334 614 boum
1372 559 1871 632 pascua··habebat
1910 559 2006 614 hic
2034 559 2343 624 bubulcus,
2368 557 2441 612 ad
2470 565 2734 630 septem-

516 642 734 697 triones
775 647 940 695 erant
969 637 1425 703 Ecbatanorum,
1457 639 1717 694 Pontum
1751 635 2051 694 Euxinum
2085 655 2304 696 versus,
2384 635 2523 691 Hoc
2564 637 2734 692 enim

517 720 580 776 in
620 726 829 782 tractu,
862 735 1039 790 quem
1061 717 1344 790 ,Saspires
1383 717 1673 784 incolunt,
1701 724 1979 772 montosa
2018 717 2334 772 admodum
2378 725 2468 772 est
2493 714 2738 770 Medica

515 808 692 862 terra,
723 797 961 860 etaita,
993 795 1266 869 silvisque
1307 813 1515 868 opaca,
1544 797 1769 869 reliqua
1794 811 1933 850 vero
1960 795 2157 851 Media
2198 797 2371 869 plana
2398 801 2488 848 est
2515 793 2749 852 omnis„

517 877 780 932 Vocatus
807 875 992 948 igitur
1019 874 1310 928 bubulcus
1337 883 1649 948 postquam
1676 874 1851 929 nulla
1882 874 2229 946 interposita
2270 891 2433 928 mora
2460 872 2732 937 advenit,

518 955 646 1011 haec
667 954 723 1010 ei
747 954 894 1009 dixit
916 952 1230 1026 Harpagus
1254 974 1267 1007 ε
1299 959 1340 984 “
1361 953 1392 1007 J
1406 954 1548 1008 ubet
1573 961 1631 1008 te
1646 954 1930 1026 Astyages
1952 953 2111 1007 hunc
2134 952 2442 1024 puerulum
2474 967 2735 1016 sumere,

522 1040 570 1066 “
597 1041 662 1088 et
698 1034 828 1088 loco
875 1033 1134 1088 maxime
1174 1032 1402 1087 deserto
1433 1033 1729 1088 montium
1768 1032 2078 1103 deponere,
2119 1039 2201 1086 ut'
2230 1047 2411 1104 quam
2450 1026 2739 1085 citissime
2814 1091 2819 1094 ,

522 1119 565 1144 “
595 1121 810 1185 pereat.
861 1111 938 1165 Et
971 1110 1079 1166 hoc
1105 1121 1384 1182 praeterea
1409 1128 1507 1165 me
1524 1106 1704 1180 jussit
1730 1110 1837 1166 tibi
1870 1110 2197 1182 praedicere,
2226 1111 2341 1165 nisi
2371 1108 2541 1164 iilum
2571 1109 2739 1164 occi-

523 1197 565 1222 “
597 1191 770 1253 deris,
799 1189 900 1244 sed
941 1206 1312 1264 quocumque
1353 1188 1532 1244 modo
1566 1189 1939 1261 superstitem
1966 1205 2091 1243 esse
2126 1189 2442 1252 curaveriS,
2474 1187 2738 1260 pessimo

525 1277 565 1301 “
599 1270 778 1326 exitio
819 1276 877 1322 te
922 1270 1265 1341 periturum.
1345 1265 1502 1322 Mihi
1540 1276 1739 1323 autem
1781 1261 2110 1337 injunctum
2146 1274 2255 1333 est,
2283 1275 2354 1322 ut
2392 1265 2739 1338 expositum

525 1355 563 1380 ‘⁴
599 1348 959 1420 inspiciam.”
1824 1364 1829 1368 ·

608 1432 737 1482 111.
782 1425 896 1490 His
939 1426 1152 1482 auditis
1197 1425 1512 1491 bubulcuS,
1547 1432 1790 1498 'accepto
1838 1442 2042 1500 puer0,
2072 1425 2240 1481 rediit
2279 1424 2481 1480 eadem
2522 1390 2644 1489 via,
2674 1437 2741 1483 et
2782 1429 2788 1432 ’

523 1505 597 1563 ad
651 1505 884 1560 stabula
937 1507 1220 1578 pervenit.
1299 1505 1475 1560 Forte
1528 1511 1726 1559 autem
1782 1503 2021 1560 fortuna
2074 1504 2306 1569 accidit,
2359 1511 2429 1558 ut
2482 1504 2745 1575 pastoris

525 1579 906 1654 etiamhujus
931 1603 1107 1651 uxor,
1137 1579 1307 1652 cujus
1334 1590 1537 1656 partus
1563 1585 1623 1638 in
1654 1582 1775 1639 dies
1808 1582 2561 1658 singulos-exspectabatur,
2590 1588 2741 1638 tunc

524 1663 831 1738 pepererit,
863 1680 1056 1734 quum
1099 1670 1297 1736 pastor
1337 1665 1398 1716 in
1441 1663 1654 1718 urbem
1700 1670 1855 1718 esset
1886 1663 2221 1734 ‘profectus⁸
2302 1660 2492 1715 Erant
2532 1667 2740 1716 autem

527 1743 684 1798 anxii
711 1748 954 1814 uterque
995 1721 1232 1798 aiterius
1275 1758 1503 1805 caussa,
1532 1742 1631 1796 ille
1672 1741 1888 1796 timens
1929 1741 2123 1814 partui
2161 1739 2363 1796 uxoris
2385 1759 2405 1808 3’
2448 1755 2601 1794 uxor
2628 1757 2743 1795 au-

524 1831 671 1885 tem,
701 1823 858 1892 quod
888 1821 1148 1893 alioquin
1191 1839 1308 1876 non
1335 1820 1543 1874 solitus
1580 1829 1734 1876 esset
1764 1821 2081 1893 Harpagus
2110 1819 2184 1875 ad
2212 1836 2273 1874 se
2300 1835 2513 1873 vocare
2552 1814 2743 1890 ipsius

527 1901 824 1956 maritum.
908 1899 994 1954 Ut
1035 1917 1172 1954 vero
1197 1917 1283 1952 ex
1327 1899 1535 1954 itinere
1576 1898 1761 1953 redux
1805 1898 2029 1954 adstitit
2072 1906 2295 1971 pastor,
2321 1904 2623 1970 tamquam
2668 1915 2744 1954 ex

528 1978 828 2050 insperato
856 1995 993 2032 eum
1017 1973 1374 2050 conspiciens
1403 1978 1633 2043 mulier,
1663 1977 1823 2050 prior
1860 1993 1935 2031 ex
1966 1977 2069 2032 illo
2096 1977 2386 2050 quaesivit,
2406 1975 2555 2048 ‘quid
2582 1983 2745 2032 esset

528 2055 687 2130 quod
729 2062 848 2114 tam
899 2074 1144 2130 propere
1185 2074 1322 2112 eum
1351 2056 1422 2110 ad
1457 2073 1523 2110 se
1547 2065 1814 2112 vocasset
1843 2055 2181 2130 Harpagus,
2267 2052 2578 2120 Tumjlle,
2610 2061 2650 2086 “
2682 2055 2743 2109 O

529 2143 572 2167 “
600 2135 876 2200 mulier,’'
925 2136 1133 2208 inquit,
1182 2141 1228 2166 “
1261 2134 1471 2189 urbem
1516 2136 1811 2209 ingressus
1853 2135 1975 2190 vidi
2028 2134 2345 2206 audivique
2382 2150 2515 2205 quae
2544 2149 2743 2188 *num-

531 2220 576 2246 “
607 2232 782 2288 quam
814 2214 1008 2268 videre
1037 2231 1132 2269 me
1173 2213 1264 2270 fas
1292 2222 1435 2276 erat,
1468 2231 1575 2268 nec
1614 2231 1898 2286 umquam
1934 2215 2137 2269 cadere
2166 2213 2459 2269 debeb-ant
2502 2219 2743 2268 nostros

533 2299 576 2326 “
602 2295 662 2348 in
707 2295 994 2348 dominos,
1078 2294 1234 2347 Tota
1282 2292 1547 2367 Han-pagi
1595 2293 1804 2348 domus
1853 2293 1993 2348 fletu
2038 2299 2161 2348 erat
2200 2291 2473 2364 oppleta3
2520 2298 2583 2346 et
2624 2308 2745 2364 ego

533 2378 576 2404 “
603 2380 1008 2428 consternatus
1051 2372 1133 2427 ivi
1179 2372 1349 2426 intro.
1431 2371 1519 2427 Ut
1562 2372 1821 2444 primum
1868 2372 2107 2436 intravi,
2150 2371 2275 2426 vidi
2311 2371 2627 2443 puerulum
2676 2371 2745 2426 in

531 2457 577 2484 “
605 2451 802 2509 medio
851 2451 1130 2522 positum,
1163 2451 1547 2522 palpitantem
1590 2451 2129 2526 clamitantemque,
2160 2467 2319 2505 auro·
2340 2458 2401 2504 et
2439 2449 2748 2522 variegata

533 2535 576 2564 “
605 2540 767 2584 veste
823 2527 1116 2585 ornatum.
1199 2529 1520 2604 Harpagus
1572 2537 1641 2585 ut
1691 2543 1789 2585 me·
1836 2529 2161 2602 conspexit,
2200 2525 2379 2598 jussit
2430 2537 2746 2599 acceptum

534 2615 579 2642 “
607 2624 788 2678 ocyus
819 2625 1068 2682 puerum
1099 2619 1414 2680 asportare,
1445 2609 1504 2663 in
1534 2608 1783 2682 locoque
1812 2609 1953 2664 feris
1978 2607 2235 2664 maxime
2276 2607 2537 2662 obnoxio
2567 2623 2745 2662 mon-

535 2693 585 2762 ’ξ
609 2687 760 2742 tium
791 2687 1113 2758 deponere3
1159 2688 1479 2760 Astyagem
1506 2704 1631 2743 esse
1658 2688 1875 2753 dicenS,
1906 2686 2004 2761 qui
2046 2687 2158 2742 hoc
2189 2686 2334 2740 mihi
2373 2681 2743 2760 injungeret,

536 2771 578 2798 “
607 2765 825 2822 multas
851 2761 1142 2834 adjiciens
1171 2767 1360 2820 minas
1387 2767 1446 2820 ni
1486 2767 1765 2822 mandata
1804 2783 2165 2839 exsequerer.
2247 2764 2325 2819 Et
2352 2782 2465 2839 ego
2494 2777 2747 2822 sumens

536 2849 584 2876 “
611 2861 862 2916 puerum
907 2844 1224 2918 asportavi,
1245 2853 1420 2899 -ratus
1461 2861 1587 2900 esse
1628 2841 1878 2914 alicujus
1922 2864 1955 2900 e
1996 2844 2368 2913 domesticis3
2416 2859 2747 2915 numquam

533 2927 577 2956 “
609 2924 772 2986 enim
800 2931 1078 2996 exputare
1119 2922 1441 2994 potuissem
1478 2924 1633 2979 unde
1672 2933 1840 2980 esset.
1924 2913 2245 2995 stupebam
2292 2930 2491 2978 autem
2532 2923 2747 2978 videns

537 3007 579 3033 “
607 3019 750 3057 auro
791 3001 1158 3076 pretiosaque
1185 3010 1346 3057 veste
1373 3010 1649 3058 ornatu-m
1687 3020 1953 3077 puerum,
1986 3003 2057 3058 ad
2098 3003 2223 3057 haec
2248 3019 2389 3056 vero
2429 3003 2747 3074 planctum

536 3087 577 3112 “
607 3081 983 3137 manifestum
1022 3081 1080 3136 in
1113 3081 1382 3154 Harpagi
1425 3081 1660 3138 aedibus.
1742 3082 1853 3136 Sed
1897 3081 2159 3154 protinus
2202 3080 2263 3134 in
2304 3080 2509 3136 itinere
2550 3087 2746 3136 totam

537 3165 582 3192 “
613 3177 738 3215 rem
765 3160 1018 3233 cognovi
1043 3177 1118 3215 ex
1141 3158 1392 3224 famule,
1421 3161 1520 3233 qui
1566 3178 1659 3215 me
1684 3161 1831 3216 urbe
1858 3158 2259 3233 egredientem
2290 3159 2605 3214 comitatus
2634 3169 2747 3222 est,

541 3243 588 3269 ‘⁶'
619 3237 1022 3311 infantemque
1049 3237 1198 3292 mihi
1227 3239 1464 3293 tradidit
1485 3263 1502 3309 3
1550 3256 1676 3294 esse
1703 3239 1923 3294 scilicet
1966 3239 2275 3311 puerulum
2300 3237 2607 3292 Mandana
2632 3256 2746 3293 na-

530 3321 583 3358 ·“
611 3322 760 3380 tum,
788 3317 1058 3389 Astyagis
1101 3315 1243 3381 filia,
1269 3323 1330 3372 et
1354 3317 1835 3390 Cambyse,·Cyri
1876 3317 2033 3388 filio3
2079 3318 2515 3391 Astyagemque
2554 3315 2749 3373 'occidi

535 3399 581 3425 “
611 3411 744 3448 eum
764 3389 995 3463 jubere.
1077 3393 1156 3448 Et
1183 3412 1316 3450 ecce
1343 3395 1440 3450 hic
1470 3395 1567 3450 ille
1596 3404 1683 3452 est
1704 3396 1759 3451 !”

622 3477 752 3528 112.
773 3473 942 3529 .Haec
963 3473 1164 3528 dicens
1207 3473 1525 3540 bubulcus»,
1554 3493 1803 3546 puerum
1828 3475 2125 3532 detectum
2154 3475 2433 3532 ostendit.·
2513 3475 2597 3532 Et
2620 3476 2749 3543 iila,

535 3548 608 3608 ut
634 3550 782 3607 vidit
809 3567 1082 3623 puerum,
1099 3570 1388 3626 magnum
1413 3561 1485 3608 et·
1504 3553 1859 3620 formosum,
1883 3556 2215 3628 lacrymans
2240 3571 2551 3630 genuaque
2580 3573 2751 3610 com·-

536 3628 798 3704 plectens
829 3631 1047 3695 mariti,
1075 3631 1266 3687 oravit
1293 3639 1360 3687 ut
1385 3635 1701 3704 neutiquam
1728 3633 1887 3688 illum
1912 3640 2211 3704 exponeret.
2266 3635 2343 3689 At
2370 3633 2471 3688 ine
2500 3635 2752 3708 negavit

537 3727 594 3764 se
635 3709 798 3764 aliter
818 3707 1014 3782 jacere
1049 3727 1200 3780 posse
1215 3735 1234 3776 ,-
1273 3711 1599 3766 adventuros
1638 3714 1777 3766 enim
1814 3713 1883 3768 ab
1912 3713 2180 3783 Harpago
2218 3712 2603 3784 speculatores,
2636 3730 2751 3768 rem

536 3791 906 3860 inspecturos3
945 3806 1102 3860 seque
1146 3791 1337 3844 misere
1379 3793 1707 3862 periturum,
1740 3793 1847 3847 nisi
1882 3793 2149 3863 imperata
2176 3790 2417 3864 fecisset.
2496 3790 2746 3856 Mulier,

536 3873 604 3922 ut
627 3867 754 3922 viro
786 3885 907 3921 non
936 3868 1240 3939 persuasit,
1269 3868 1487 3938 iterum
1526 3869 1651 3925 haec
1678 3871 1737 3927 ei
1755 3870 1935 3926 verba
1962 3870 2101 3925 fecit
2125 3892 2138 3926 z
2188 3876 2230 3900 “
2260 3869 2557 3931 Quoniam
2598 3887 2747 3943 ergo

539 3951 582 3976 “
610 3946 955 4017 persuadere
981 3946 1110 4011 tibi,
1143 3964 1218 4002 ne
1247 3963 1507 4020 exponas
1548 3965 1821 4020 puerum,
1853 3961 1971 4004 non
2012 3965 2287 4022 possum3
2336 3957 2395 4004 at
2422 3955 2510 4011 tu,
2540 3948 2591 4003 si
2620 3951 2748 4004 uti-

541 4029 584 4059 “
611 4040 728 4096 que
756 4041 992 4080 necesse
1019 4032 1109 4080 est
1131 4032 1204 4081 ut
1228 4025 1625 4099 conspiciatur
1652 4023 1973 4100 exposituS,
2004 4029 2089 4082 ita
2106 4027 2221 4084 fae.
2255 4027 2527 4098 0N0mpe
2550 4033 2611 4082 et
2632 4044 2754 4101 ego

541 4107 582 4133 “
611 4103 829 4174 peperi,
859 4110 916 4158 et
945 4103 1182 4177 quidem
1207 4111 1511 4160 mortuum
1539 4106 1713 4161 enixa
1735 4120 1885 4161 sum.
1966 4105 2147 4162 Hune
2173 4113 2244 4161 tu
2268 4113 2525 4179 asporta,
2556 4111 2619 4160 et
2646 4123 2751 4160 ex-

543 4187 588 4214 “
615 4197 802 4258 pone3
835 4196 1242 4255 puerumvero
1267 4183 1406 4240 filiae
1425 4184 1698 4262 Astyagis
1720 4185 1947 4242 alamus
1977 4179 2043 4242 ut
2072 4205 2109 4242 a
2132 4185 2300 4242 nobis
2328 4185 2745 4264 progenitum:
