2925 4992
1031 311 1483 376 EUTERPE.
2263 317 2337 382 71

138 475 487 542 schoenoraetm,
517 483 812 550 quatenus
841 473 1084 548 quidem
1119 493 1226 532 nos
1263 471 1597 551 AEgyptum
1639 475 1977 542 definimus,
2005 483 2075 533 ut
2114 495 2151 532 a
2176 475 2341 534 Plin-

140 557 358 611 thinete
382 552 511 610 sinu
539 557 834 629 pertineat
873 569 1058 628 usque
1083 556 1154 610 ad
1185 555 1558 614 Serbonidem
1594 556 1806 622 lacum,
1836 555 1908 611 ad
1932 571 2108 628 quem
2135 552 2341 612 Casius

139 651 306 690 mons
333 635 694 710 porrigitur:
735 633 810 688 ab
849 633 962 688 hoc
997 634 1180 707 igitur
1200 635 1336 690 lacu
1373 641 1510 689 sunt
1536 637 1834 710 sexaginta
1862 635 2103 691 schoeni.
2180 633 2339 690 Nam

140 713 234 784 qui
265 713 424 768 haud
463 713 726 769 multum
754 719 922 766 terrae
947 712 1246 783 possident
1287 713 1574 779 homineS,
1606 713 1661 768 hi
1700 731 1831 769 eam
1860 714 2055 788 orgyis
2087 713 2343 768 metiun-

143 801 236 846 tur
255 817 272 862 3
335 792 438 864 qui
479 792 660 864 paulo
700 790 853 864 plus,
887 789 1125 859 stadiis3
1171 790 1273 863 qui
1315 792 1570 848 multum
1608 791 1931 866 possident,
1968 791 2347 866 parasangis;

144 871 238 942 qui
273 869 448 926 valde
491 869 752 942 amplam
794 869 1118 942 regionem,
1167 869 1231 924 hi
1283 869 1537 926 schoenis
1588 887 1716 926 eam
1759 865 2097 927 metiuntur.
2176 871 2353 930 Valet

145 956 336 1004 autem
374 965 696 1020 parasanga
739 947 984 1022 triginta
1023 947 1250 1018 stadia3
1295 948 1535 1004 schoenus
1574 966 1710 1004 vero
1752 949 2157 1022 unusquisque·
2190 955 2351 1023 (quae

145 1027 426 1101 AEgyptia
469 1035 560 1083 est
596 1024 892 1094 mensura)
921 1027 1228 1100 sexaginta
1267 1027 1473 1082 stadia.
1552 1027 1646 1083 Ita
1673 1025 1908 1101 AEgypti
1949 1029 2231 1100 longitudo
2257 1045 2349 1086 se-

147 1107 402 1162 eundum
429 1123 594 1162 mare
617 1113 708 1161 ter
735 1104 896 1159 mille
925 1112 1330 1160 sexcentorum
1357 1104 1535 1161 fuerit
1560 1107 1898 1163 stadiorum.

219 1189 278 1241 7.
315 1183 476 1240 Inde
509 1200 712 1240 versus
742 1182 1036 1248 interiora,
1067 1199 1250 1256 usque
1289 1183 1655 1258 Heliopolin,
1684 1185 1743 1240 in
1786 1185 2151 1242 latitudinem
2193 1193 2355 1260 patet

146 1264 470 1340 AEgyptus,
499 1271 624 1319 tota
651 1263 827 1336 plana
850 1269 962 1326 est,
989 1277 1270 1334 aquarum
1303 1263 1502 1335 inops,
1532 1263 1757 1320 limosa.
1822 1261 1929 1319 Est
1957 1273 2150 1322 autem
2182 1265 2292 1322 iter
2320 1283 2367 1323 a.

149 1339 298 1399 mari
322 1340 674 1415 Heliopolin
703 1339 1079 1396 adscendenti
1097 1357 1198 1411 par
1226 1340 1346 1396 fere
1373 1341 1741 1416 longitudine
1766 1341 1881 1397 viae
1912 1343 1986 1408 ei,
2016 1360 2145 1416 quae
2168 1343 2351 1401 Athe-

151 1423 238 1476 nis
265 1439 304 1476 a
330 1419 646 1480 duodecim
671 1419 916 1474 deorum
941 1435 1040 1472 ara
1064 1417 1259 1474 Pisarn
1278 1419 1440 1475 ducit
1468 1421 1537 1476 ad
1566 1420 1825 1495 Olympii
1854 1419 1887 1474 J
1894 1422 2018 1476 ovis
2046 1423 2357 1496 templum.

146 1498 452 1574 Exiguum
495 1497 772 1572 quiddam
814 1497 1092 1562 interesse
1145 1497 1416 1570 reperiet,
1452 1499 1504 1554 si
1542 1500 1671 1571 quis
1715 1501 2161 1572 computaverit,
2203 1502 2345 1576 quin

152 1577 384 1652 aequalis
464 1579 540 1634 sit
600 1575 916 1650 longitudo
982 1575 1286 1649 utriusque
1336 1576 1599 1646 itineris3
1662 1577 1816 1632 haud
1872 1578 2119 1650 amplius
2174 1595 2353 1651 quam

151 1657 488 1730 quindecim
512 1655 732 1712 stadia:
777 1670 914 1709 nam
943 1654 1039 1710 via
1064 1639 1308 1710 Athenis
1348 1653 1544 1710 Pisam
1574 1662 1662 1711 est
1686 1645 1850 1710 mille
1890 1657 2357 1732 quingentorum.

151 1735 495 1802 stadiorum,
520 1734 730 1790 minus·
747 1731 1080 1806 quindecim
1101 1757 1118 1804 ⁵
1171 1751 1206 1788 a
1229 1733 1379 1804 mari
1407 1740 1607 1790 autem
1630 1732 1991 1816 Heliopolim
2018 1736 2229 1808 plenus
2255 1735 2351 1793 hic

155 1822 448 1872 numerus
467 1821 574 1870 est.
2242 1849 2249 1856 ·

230 1899 286 1964 8,
329 1894 422 1949 Ab
451 1892 754 1967 Heliopoli
798 1892 1094 1975 superiora
1137 1892 1358 1966 petenti
1407 1898 1657 1968 angusta
1698 1893 1999 1969 AEgyptus
2042 1899 2165 1952 est:
2214 1885 2355 1952 nam

156 1972 228 2028 ab
269 1972 457 2029 altera
501 1979 668 2045 parte
711 1989 878 2030 mons
927 1971 1155 2028 Arabiae
1197 1973 1595 2045 praetenditur,
1630 1991 1664 2027 a
1692 1974 2109 2046 septemtrione
2154 1991 2355 2050 versus

155 2048 460 2108 meridiem
499 2057 564 2106 et
601 2059 866 2106 austrum
897 2067 1230 2116 excurrens,
1271 2067 1500 2126 semper
1528 2051 1587 2106 in
1612 2050 1785 2106 altius
1834 2052 2077 2108 tendens
2106 2051 2179 2107 ad
2208 2052 2356 2126 Ery-

157 2131 406 2187 thraeum
447 2129 602 2202 quod
643 2136 882 2185 vocatur
917 2145 1076 2184 mare
1096 2153 1113 2200 3
1159 2145 1278 2201 quo
1307 2129 1368 2183 in
1397 2137 1603 2186 monte
1642 2128 1968 2202 lapicidinas
2009 2138 2167 2196 sunt,
2196 2131 2356 2187 unde

155 2209 468 2284 Memphin
495 2207 656 2264 ducti
685 2216 823 2264 sunt
859 2206 1082 2280 lapides
1123 2209 1194 2263 ad
1235 2208 1614 2264 exstruendas
1639 2209 1981 2282 pyramides.
2062 2208 2197 2265 Hoc
2220 2209 2353 2266 loco

158 2285 418 2345 desinens
468 2303 644 2342 mons
687 2285 944 2342 flectitur
981 2286 1041 2341 in
1085 2303 1213 2341 eam
1243 2303 1418 2359 quam
1454 2284 1576 2342 dixi
1618 2297 1861 2359 partem.
1942 2287 2077 2348 Qua
2102 2304 2241 2342 vero
2268 2296 2357 2344 est

158 2367 420 2422 maxima
459 2360 585 2435 ejus
629 2364 963 2440 longitudo,
1007 2364 1254 2420 duorum
1303 2366 1590 2420 mensium
1618 2365 1839 2422 itineris
1885 2381 2010 2420 esse
2045 2367 2242 2439 accepi
2285 2365 2363 2423 ab

159 2446 382 2502 oriente
433 2459 638 2501 versus
689 2443 1084 2512 occidentem3
1129 2451 1190 2500 et
1241 2452 1503 2499 extrema
1552 2443 1785 2518 quidem
1836 2443 2017 2508 illius,
2068 2444 2355 2502 orientem

161 2518 504 2598 spectantia,
532 2522 722 2578 thuris
749 2539 874 2578 esse
901 2521 1128 2578 feracia.
1211 2521 1354 2578 Hoec
1379 2522 1562 2598 igitur
1606 2517 1785 2592 huJus
1828 2524 2046 2578 montis
2072 2523 2223 2578 ratio
2248 2531 2357 2580 est.
2416 2551 2423 2558 ·

159 2604 248 2660 Ab
271 2603 463 2658 altera
496 2600 747 2676 AEgypti
789 2609 975 2673 parte,
1008 2598 1260 2674 Lybiam
1306 2617 1531 2667 versus,
1568 2601 1720 2658 alius
1762 2618 1937 2656 mons
1982 2601 2361 2674 praetenditur

161 2697 390 2747 saxeuS,
441 2680 504 2735 in
551 2697 671 2752 quo
715 2679 1042 2754 pyramides
1081 2685 1390 2734 exstructae
1431 2687 1594 2746 sunt,
1645 2697 1821 2739 arena
1861 2679 2196 2748 obvolutus,
2236 2681 2363 2754 pari

161 2757 334 2816 modo
380 2765 686 2832 porrectus
729 2767 904 2831 atque
946 2774 1016 2812 ea
1058 2773 1191 2831 pars
1231 2756 1462 2814 Arabici
1502 2758 1726 2816 montis
1767 2757 1899 2832 quise
1942 2759 2013 2814 ad
2059 2759 2363 2816 meridiem

163 2839 361 2894 tendit.
443 2837 538 2903 Ab
563 2832 862 2909 Heliopoli
890 2835 1075 2910 igitur
1098 2853 1216 2890 non
1240 2836 1497 2892 multum
1526 2837 1587 2892 in
1612 2834 1975 2896 latitudinem
2012 2845 2174 2918 patet
2200 2839 2362 2912 regio

165 2935 292 2990 quae
317 2915 626 2989 AEgyptns
647 2931 772 2971 esse
791 2922 1082 2979 censetur,
1102 2914 1200 2969 sed
1221 2913 1291 2968 ad
1317 2921 1571 2988 quatuor
1592 2915 1819 2972 dierum
1846 2915 2088 2971 adverso
2116 2915 2363 2973 flumine

166 2995 616 3070 navigationem
643 3001 898 3068 angusta
923 2991 1222 3068 AEgyptus
1263 2999 1368 3048 est.
1446 2993 1557 3050 Est
1595 3003 1793 3052 autem
1822 2993 2004 3067 regin,
2034 2995 2188 3050 inter
2210 2993 2361 3051 duos

166 3093 306 3148 quos
351 3074 476 3130 dixi
525 3081 752 3128 montes
795 3066 1119 3141 interjecta,
1148 3072 1488 3144 campestris
1509 3097 1525 3142 3
1550 3067 1740 3140 =cujns
1784 3071 2054 3136 latitudO,
2102 3072 2208 3126 ubi
2250 3073 2364 3128 mi-

167 3151 348 3219 nima,
379 3151 765 3207 ducentorum
805 3149 1122 3206 admodum
1165 3150 1484 3206 stadiorum
1534 3167 1679 3216 esse,
1715 3150 1870 3210 haud
1912 3149 2183 3224 ampliuS,
2213 3151 2362 3207 mihi

168 3233 284 3288 visa
327 3239 441 3295 est,
493 3230 568 3285 ab
609 3229 854 3286 Arabico
886 3236 1088 3284 monte
1127 3228 1196 3283 ad
1244 3226 1575 3302 Lybicum:
1622 3229 1833 3284 exinde
1869 3246 2009 3284 vero
2052 3245 2249 3286 rursus
2300 3229 2367 3286 fit

93 3335 101 3348 ·
167 3311 338 3368 latior
363 3309 686 3384 AEgyptus.
767 3307 914 3363 Haec
937 3307 1118 3382 igitur
1139 3315 1228 3362 est
1256 3303 1432 3378 hujus
1461 3307 1717 3382 regionis
1745 3315 1966 3364 natura.
2202 3345 2211 3353 ·

242 3396 297 3446 9.
341 3387 454 3443 Est
500 3405 639 3442 vero
683 3385 984 3458 Heliopoli
1033 3385 1267 3441 Thebas
1320 3385 1623 3460 naviganti
1673 3387 1783 3443 iter
1826 3405 2034 3443 novem
2086 3387 2313 3446 dierum
2336 3411 2359 3445 -ε

171 3468 354 3524 stadia
377 3474 520 3523 sunt
554 3474 750 3520 autem
793 3471 998 3537 quater
1041 3463 1204 3520 mille
1249 3464 1596 3541 octingenta
1640 3473 1699 3520 et
1743 3462 2093 3539 sexaginta3
2141 3468 2368 3524 schoeni

172 3548 324 3602 enim
371 3550 760 3602 numerantur
791 3543 1092 3618 octoginta
1131 3551 1188 3598 et
1232 3559 1402 3598 unus.
1482 3542 1631 3598 Haec
1655 3544 1838 3600 stadia
1867 3545 1917 3600 si
1943 3545 2090 3600 inter
2114 3563 2176 3600 se
2204 3563 2367 3602 com-

170 3633 488 3698 ponantur,
514 3639 698 3696 quum
741 3621 1107 3688 latitudinem
1130 3620 1448 3678 secundum
1488 3638 1649 3676 mare
1674 3631 1998 3694 porrectam
2027 3619 2152 3694 jam
2190 3641 2367 3696 supra

171 3705 417 3760 dixer-im
462 3702 590 3758 esse
637 3702 813 3757 trium
853 3700 1108 3756 millium
1147 3708 1552 3755 sexcentorum
1602 3701 1943 3769 stadiorum,
1973 3719 2240 3776 quaenam
2290 3703 2367 3758 sit

171 3779 486 3858 longitudo
528 3797 580 3835 a·
604 3779 754 3836 mari
803 3795 999 3834 versus
1053 3778 1474 3834 mediterranea
1520 3779 1756 3836 Thebas
1800 3798 2009 3854 usque,
2067 3797 2216 3836 nune
2260 3778 2365 3834 de-

173 3861 444 3918 clarabo:
491 3867 580 3914 est
597 3874 808 3930 nempe
831 3857 1148 3912 stadiorum
1165 3856 1350 3912 sexies
1377 3856 1539 3912 mille
1566 3867 1802 3915 centum
1830 3869 1889 3914 et
1914 3858 2142 3934 viginti.
2199 3855 2364 3914 'The-

175 3940 257 3996 bis
283 3953 488 3996 autem
516 3953 706 4010 usque
732 3935 1158 4008 Elephantinen
1188 3940 1326 3990 sunt
1353 3935 1513 3991 mille
1540 3947 1599 3992 et
1622 3939 1961 4012 octingenta
1984 3937 2184 3992 stadia.

185 4050 190 4054 -
255 4023 348 4074 10.
389 4014 596 4086 Hujus
644 4013 828 4090 igitur
871 4031 1048 4086 quam
1076 4013 1196 4071 dixi
1239 4013 1488 4088 regionis
1530 4016 1783 4088 plurima
1810 4033 1961 4088 pars,
1990 4014 2371 4088 quemadmo-

179 4097 322 4158 dum
370 4104 432 4152 et
486 4100 794 4151 narrarunt
827 4092 1172 4158 sacerdotes,
1201 4099 1261 4148 et
1300 4092 1449 4146 mihi
1502 4095 1611 4168 ipsi
1650 4095 1843 4150 visum
1892 4104 2037 4160 erat,
2084 4091 2373 4168 adquisita
2407 4090 2413 4096 ’

180 4173 482 4251 AEgyptiis
511 4183 668 4230 terra
711 4178 816 4227 est.
893 4169 1154 4240 Etenim,
1181 4171 1339 4244 quod
1382 4170 1534 4229 inter
1576 4173 1879 4249 praedictos
1920 4181 2153 4230 montes
2196 4191 2371 4248 supra
