2925 4992
520 322 641 381 418
1116 310 1624 376 HERODOTI
1689 310 2060 375 HlsToR.
2110 314 2222 373 IX.

524 478 632 548 cis,
678 488 895 549 eosque
934 470 1271 530 infestabat.
1350 471 1623 531 Thebani
1665 474 1851 539 enim,
1895 484 2257 549 magnopere
2293 468 2494 531 Medis
2531 464 2729 529 {siren-

528 566 638 623 tes,
682 555 947 611 studiose
981 550 1265 627 gerebant
1305 552 1553 619 bellum,
1599 560 1660 609 et
1697 554 1982 608 continuo
2021 552 2138 607 illis
2176 566 2364 625 usque
2407 550 2483 607 ad
2525 562 2738 626 pugnae

526 634 841 693 discrimen
894 631 1213 705 proeibant3
1278 630 1490 687 deinde
1541 648 1680 687 vero
1734 631 1799 685 in
1853 646 2059 687 corum
2109 630 2310 687 locum
2361 628 2740 685 succedentes

528 714 723 771 Fersae
750 720 813 767 et
838 709 1025 774 Medi,
1052 709 1209 763 haud
1238 709 1566 783 spernenda
1589 710 1822 765 virtutis
1849 708 2176 783 specimina
2201 708 2468 765 edebant.

608 797 709 847 41.
748 789 951 861 Usque
978 788 1047 843 ad
1076 786 1373 843 decimum
1401 788 1588 863 igitur
1611 788 1768 843 diem
1793 788 1946 843 nihil
1973 787 2068 842 his
2091 788 2346 861 amplius
2373 794 2616 861 gestum
2643 794 2748 843 est.

537 870 625 927 Ut
650 886 789 926 vero
814 866 1165 923 undecimus
1194 865 1385 922 adfuit
1408 867 1532 922 dies
1559 882 1676 939 quo
1700 874 1884 921 castra
1911 868 2102 921 castris
2127 868 2202 921 ad
2229 866 2473 922 Plataeas
2497 870 2747 939 opposita

533 950 807 1011 habuere,
836 961 1231 1015 numerusque
1280 944 1626 1000 Graecorum
1669 945 1928 1000 multum
1971 952 2098 999 erat
2135 952 2362 1011 auctuS,
2407 952 2471 999 et
2515 960 2746 1000 moram

535 1027 838 1103 aegerrime
866 1022 1093 1079 ferebat
1120 1022 1461 1079 Mardonius
1479 1046 1504 1091 ς
1559 1033 1700 1078 tunc
1731 1024 1790 1079 in
1815 1023 2174 1096 colloquium
2219 1038 2558 1079 convenere
2581 1022 2749 1079 Mar-

535 1108 743 1163 donius
770 1101 1023 1175 Gobryae
1052 1100 1229 1167 filius,
1258 1110 1317 1156 et
1344 1101 1668 1158 Artabazus
1696 1102 2033 1166 Pharnacis,
2059 1102 2154 1157 vir
2196 1102 2259 1156 in
2304 1102 2514 1175 paucis
2543 1101 2746 1157 Persa·

536 1202 671 1243 rum
699 1181 883 1237 Xerxi
912 1180 1205 1252 probatus.
1286 1179 1379 1235 lbi
1418 1176 1878 1236 consultantium
1905 1180 2038 1236 duae
2071 1180 2164 1235 hoe
2205 1188 2375 1235 erant
2417 1180 2746 1235 sententiae.

538 1263 739 1321 Altera
764 1258 1057 1325 Artabazi,
1090 1258 1377 1313 censentis
1406 1265 1447 1290 “
1475 1276 1653 1332 quam
1681 1259 1934 1331 primum
1979 1257 2266 1314 movenda
2293 1274 2422 1314 esse
2445 1265 2667 1324 castra,
2697 1265 2754 1313 et

541 1346 589 1377 ‘⁴'
618 1340 691 1395 ad
738 1353 975 1394 murum
1025 1336 1443 1395 Thebanorum
1491 1337 1776 1402 eundum,
1809 1337 1912 1392 ubi
1963 1348 2026 1392 et
2075 1336 2440 1393 frumentum
2489 1337 2751 1393 multum

544 1424 593 1452 “
618 1425 971 1475 convectum
1018 1415 1325 1479 haberent,
1362 1424 1423 1469 et
1468 1415 1754 1489 pabulum
1773 1410 2085 1484 jumentis.
2167 1415 2258 1471 lbi
2301 1414 2626 1489 tranquille
2667 1431 2758 1471 se·

544 1504 586 1531 “
614 1498 821 1555 dentes
861 1493 1144 1549 conficere
1188 1492 1411 1548 bellum
1459 1510 1650 1567 posse,
1701 1492 1807 1549 hac
1855 1494 2012 1550 inita
2061 1495 2326 1549 ratione:
2372 1494 2642 1550 multum
2695 1510 2754 1549 se

544 1583 587 1627 ε(
617 1576 829 1631 habere
856 1589 1085 1639 aurum,
1112 1587 1301 1643 quum
1342 1573 1675 1646 signatum,
1701 1581 1830 1628 tum
1857 1572 2106 1638 factum,
2137 1572 2515 1644 multumque
2539 1588 2758 1647 argen-

544 1661 587 1687 “
620 1664 751 1709 tum
778 1659 837 1707 et
861 1650 1109 1723 pocula3
1158 1650 1247 1706 his
1276 1667 1349 1705 ne
1375 1658 1694 1723 parcerent,
1725 1651 1822 1707 sed
1853 1650 1926 1707 ad
1953 1651 2188 1721 Graecos
2217 1651 2342 1706 haec
2365 1650 2754 1713 dimitterent,

544 1739 589 1765 “
616 1741 677 1788 et
728 1730 1049 1804 praesertim
1098 1728 1169 1783 ad
1199 1728 1538 1785 Graecarum
1585 1728 1890 1784 civitatum
1942 1729 2214 1801 praesides
2236 1754 2252 1798 3
2299 1730 2384 1785 ita
2431 1730 2542 1785 hos
2593 1729 2754 1785 haud

546 1817 591 1843 “
620 1816 961 1867 cunctanter
990 1806 1324 1881 prodituros
1350 1807 1706 1877 libertatem,
1739 1824 1930 1881 neque
1955 1810 2172 1863 iterum
2200 1808 2514 1863 discrimen
2541 1824 2761 1882 pugnae

546 1896 590 1921 “
616 1889 938 1945 adituros.”
1022 1884 1225 1953 Hujus
1267 1885 1452 1959 igitur
1487 1886 1689 1941 eadem
1729 1886 1848 1942 fuit
1889 1886 2180 1961 sententia
2227 1895 2404 1959 atque
2429 1887 2760 1942 Thebano-

544 1984 713 2024 rum:
761 1965 971 2021 melius
1014 1964 1173 2019 enim
1209 1963 1305 2019 hic
1330 1980 1588 2037 quoque,
1623 1965 1829 2038 [quam
1876 1962 2252 2035 Mardonius]
2297 1965 2438 2038 quid
2478 1967 2756 2022 futurum

547 2052 717 2111 esset,
768 2050 1157 2115 prospexerat.
1236 2043 1311 2097 At
1354 2042 1656 2099 Mardonii
1699 2043 1908 2099 fortior
1947 2051 2100 2099 erat·
2127 2050 2186 2098 et
2215 2044 2587 2115 pertinacior
2621 2060 2760 2099 scn-

544 2122 752 2185 tentia‚
773 2136 881 2176 nec
896 2120 1023 2175 ullo
1042 2118 1217 2174 modo
1234 2118 1465 2175 cedens,
1509 2127 1552 2152 “
1573 2121 1928 2177 Existimare
1947 2122 2102 2177 enim
2125 2125 2245 2186 se,”
2269 2122 2488 2189 aiebat,
2513 2127 2556 2153 “
2583 2140 2764 2180 suum

546 2208 589 2233 “
618 2200 941 2256 exercitum
968 2198 1309 2253 Graecanico
1344 2198 1528 2275 longe
1559 2208 1835 2272 praestare
1853 2222 1869 2255 ι
1915 2200 2110 2273 itaque
2135 2202 2582 2274 quamprimum
2612 2217 2761 2275 prae-

548 2286 593 2313 “
620 2278 703 2335 lio
730 2294 857 2334 esse
883 2276 1329 2342 decernendum,
1358 2294 1470 2333 nec
1495 2278 1988 2334 committendum
2021 2287 2083 2334 ut
2113 2279 2306 2351 plures
2333 2280 2516 2335 etiam
2543 2296 2762 2335 conve-

551 2364 598 2391 “
626 2358 795 2414 uiant
822 2372 997 2429 quam
1020 2351 1147 2425 jam
1190 2372 1348 2410 nunc
1375 2356 1820 2413 convenissent:
1864 2358 2042 2412 missa
2085 2365 2283 2413 autem
2331 2355 2609 2413 facienda
2637 2358 2760 2415 He·-

552 2442 595 2469 “
624 2435 917 2511 gesistrati
962 2450 1145 2497 sacra,
1176 2450 1280 2489 nec
1328 2434 1606 2490 instituta
1645 2436 1920 2491 violanda
1958 2436 2309 2506 Persarum3
2353 2436 2456 2493 sed
2503 2437 2762 2511 patrium

553 2522 595 2548 “
627 2514 963 2571 institutum
990 2512 1285 2584 sequendo
1314 2530 1480 2571 arma
1503 2512 1746 2569 ferenda
1769 2515 1831 2569 in
1861 2514 2144 2569 hostem.”

562 2638 575 2649 .
628 2596 725 2649 49..
768 2590 915 2647 Hoec
966 2606 1149 2661 quum
1203 2589 1478 2645 facienda
1525 2592 1874 2649 Mardonius
1921 2590 2271 2657 censuisset,
2325 2610 2506 2651 nemo
2549 2605 2762 2652 contra

550 2671 737 2737 dixit;
782 2676 843 2724 et
868 2668 1012 2723 vicit
1038 2667 1199 2723 illius
1222 2670 1527 2724 sententia.
1605 2670 1703 2727 Illi
1745 2671 1902 2726 enim
1943 2688 2180 2727 summa
2203 2673 2438 2744 imperii
2483 2692 2521 2729 a
2559 2673 2762 2730 Xerxe

550 2747 867 2805 commissa
892 2756 1041 2811 erat,
1072 2762 1195 2801 non
1224 2746 1537 2804 Artabazo.
1616 2749 1772 2805 Tum
1811 2750 2143 2805 convocatis
2165 2750 2466 2820 ,ordinum
2497 2752 2762 2809 ductori-

546 2826 685 2891 buS,
716 2832 893 2897 atque
916 2825 1095 2880 etiam
1122 2825 1464 2881 Graecorum
1504 2828 1797 2883 sociorum
1843 2827 2111 2898 ducibus,
2143 2829 2416 2902 quaesivit
2443 2848 2522 2885 an
2547 2848 2758 2887 oracu-

548 2904 681 2961 lum
706 2902 945 2977 aliquod
969 2903 1275 2977 cognitum
1306 2902 1586 2960 haberent
1611 2905 1682 2962 de
1698 2906 1906 2967 Persis,
1935 2914 2235 2978 tamquam
2261 2908 2322 2962 in
2351 2908 2584 2964 Graecia
2607 2910 2760 2983 peri·-

550 2984 719 3041 turis.
798 2982 1157 3038 Tacentibus
1202 2989 1401 3037 autem
1434 2985 1799 3057 cunctis-qui
1837 2984 2105 3041 advocati
2147 2993 2332 3052 erant,
2375 2987 2594 3061 quippe
2633 2988 2764 3049 aliis

552 3060 961 3137 ignorantibus
996 3060 1255 3125 oracula,
1282 3060 1411 3115 aliis
1434 3063 1676 3135 cognita
1701 3062 1934 3135 quidem
1965 3064 2340 3131 habentibuS,
2371 3065 2474 3120 sed
2519 3082 2644 3127 non
2667 3072 2762 3122 tu-

550 3149 683 3197 tum
704 3139 813 3196 sibi
834 3134 1237 3208 judicantibus
1256 3156 1327 3193 ea
1352 3139 1612 3212 proferre
1634 3164 1652 3210 3
1697 3142 1824 3214 ipse
1847 3140 2196 3198 Mardonius
2219 3141 2338 3198 ait:
2387 3147 2430 3173 ‘⁶
2461 3144 2763 3205 Quoniam

554 3226 597 3252 “
626 3234 731 3273 vos
780 3218 969 3291 igitur
1002 3224 1105 3271 aut
1139 3213 1285 3271 nihil
1330 3218 1532 3283 nostiS,
1562 3227 1666 3274 aut
1691 3236 1813 3276 non
1843 3220 2070 3276 audetis
2111 3220 2301 3277 dicere
2314 3242 2340 3289 ·;
2385 3220 2585 3279 dicam
2625 3240 2760 3298 ego,

478 3366 483 3374 ι
554 3304 602 3341 ‘-‘
633 3297 779 3353 bene
805 3312 1045 3370 gnarus.
1124 3294 1234 3349 Est
1260 3296 1588 3361 oraculum,
1615 3298 1811 3353 dicens
1837 3298 1898 3354 in
1927 3298 2064 3354 fatis
2089 3314 2216 3355 esse
2247 3306 2334 3355 ut·
2353 3300 2570 3369 Persae,
2601 3309 2762 3375 post-

554 3380 599 3409 “
628 3392 809 3446 quam
836 3374 897 3428 in
922 3372 1213 3429 Graeciam
1242 3374 1528 3441 venerint,
1555 3376 1846 3449 templum
1873 3376 2546 3451 spblient-Delphicum,
2573 3394 2762 3454 eoque

552 3459 598 3506 ξ’
628 3452 787 3509 facto
816 3457 1057 3525 percant
1084 3468 1304 3507 omnes.
1384 3452 1592 3526 ltaque
1619 3472 1728 3509 nos
1733 3494 1754 3521 ,
1779 3455 2198 3525 quoniam‘hoc
2232 3456 2434 3529 ipsum‘
2463 3460 2761 3525 novimus,

556 3534 602 3564 “
632 3548 754 3588 non
774 3529 1065 3586 adibimus
1083 3530 1143 3585 id
1168 3530 1482 3603 templum,
1511 3550 1618 3588 nec
1641 3532 1894 3606 spoliare
1914 3532 2328 3608 adgrediemur
2346 3558 2363 3591 ε
2410 3552 2602 3611 neque
2615 3538 2768 3595 hanc

552 3615 594 3657 ‘·‘
620 3612 697 3667 ob
738 3609 975 3681 culpam
1003 3608 1341 3681 peribimus.
1420 3609 1673 3667 Proinde
1723 3618 2016 3686 quotquot
2053 3621 2314 3669 vestrum
2357 3614 2512 3671 bene
2549 3617 2764 3689 cupitis

553 3695 599 3743 (Ξ
626 3689 841 3755 Persis,
867 3686 1165 3762 gaudeant
1192 3686 1305 3743 hoc
1334 3689 1599 3753 nomine,
1625 3690 2033 3763 conficiuntque
2059 3708 2164 3747 nos
2191 3699 2572 3765 superaturos
2595 3696 2762 3752 Grae-

552 3773 597 3815 ‘0‘
622 3770 775 3824 cos.”
828 3765 971 3825 „His
998 3764 1191 3831 dictis,
1216 3766 1506 3822 continuo
1534 3768 1845 3841 imperavit
1869 3777 1937 3825 ut
1959 3770 2161 3825 omnia
2191 3770 2466 3843 pararent
2491 3780 2762 3847 recteque

550 3846 951 3919 disponerent,
979 3844 1194 3917 quippe
1224 3844 1500 3917 postridie
1527 3846 1714 3919 prima
1741 3847 1874 3903 luce
1900 3846 2100 3921 praelio
2129 3849 2352 3905 futuro.

622 3928 731 3983 43.
768 3923 905 3981 Jam
930 3921 1085 3977 istud
1108 3922 1345 3994 quidem
1364 3924 1690 3991 oraculum,
1715 3923 1958 4000 quod'in
1984 3926 2186 3989 Persas
2205 3925 2402 3985 valere
2416 3928 2762 3987 Mardonius

550 4002 725 4070 dixit,
753 4002 891 4059 novi
916 3999 1191 4074 equidem
1213 4000 1278 4057 in
1308 4000 1542 4073 Illyrios
1569 4003 1792 4060 editum
1821 4020 1950 4061 esse
1971 4011 2034 4061 et
2061 4006 2122 4060 in
2147 4004 2562 4065 Echelensium
2587 4022 2762 4065 exer-

552 4080 763 4147 citum,
789 4095 911 4137 non
938 4079 1001 4135 in
1024 4078 1264 4165 Persas:
1326 4078 1437 4135 Sed
1458 4082 1704 4139 *Bacidis
1735 4081 1896 4156 quod
1935 4090 2126 4141 exuat
2149 4084 2390 4143 effatum
2431 4087 2586 4145 banc
2611 4102 2764 4163 pug-

552 4178 695 4223 nam
718 4164 1007 4235 spectans,
1036 4158 1373 4228 huiusmodi
1392 4174 1415 4213 a
1937 4208 1942 4215 .
2037 4184 2044 4197 ·
2409 4206 2446 4213 ..
2483 4210 2492 4217 .
