2925 4992
957 356 964 363 .
1045 308 1477 374 pommus
1486 312 1557 372 A
1782 365 1789 371 .
2296 314 2415 377 380

207 478 254 507 “
277 472 342 529 in
374 470 820 531 Athenienses.n
899 470 1111 547 Itaque·
1147 473 1348 531 suiad*
1373 470 1627 537 civibus,
1652 472 1723 525 ut
1770 466 1843 527 ad
1882 466 2129 529 nemim
2170 486 2412 543 pugnam

203 568 321 616 sm
354 557 693 625 conparent,
737 552 880 607 huuc
903 554 1046 608 saun
1089 570 1202 609 esse
1241 554 1481 625 lignem
1526 564 1759 607 murm.
1837 546 2015 605 Hanc
2066 546 2131 605 in
2185 558 2411 621 partem

201 646 392 704 quum
447 630 798 687 sententiam
841 630 1266 687 Themistocles
1309 630 1573 693 dixisset,
1620 634 1970 685 censuerunt
2018 626 2413 689 Athenienses

200 710 496 783 potiorem
524 725 652 765 esse
676 708 832 765 hanc
859 710 1170 779 rationem,
1201 726 1375 782 quam
1405 708 1569 763 illam
1592 712 1877 779 qnaeerat
1914 704 1991 761 ab
2036 707 2411 767 oraculorum

199 787 618 863 interpretibus
648 788 980 861 proposita:
1023 788 1148 861 qui,
1177 790 1527 861 adparatum
1564 783 1783 841 navalis
1822 800 2037 859 pugnae
2064 784 2407 845 dissuaden-

197 874 312 935 tes,
341 880 638 923 summam
685 867 770 922 rei
795 867 858 921 in
903 882 974 921 eo
1015 866 1164 923 verti
1199 863 1657 928 contendebant,
1690 868 1761 919 ut
1800 878 1877 919 ne
1923 878 2129 919 manus
2170 864 2409 937 quidem

198 952 410 1001 contra
451 944 792 1005 invadentes
835 945 1032 1015 hostes
1075 944 1374 1011 tollerent,
1409 942 1537 1008 sed,
1566 942 1769 999 relicta
1816 957 2051 1014 prorsus
2088 942 2303 1019 Attica,
2349 944 2409 1000 in

197 1022 318 1078 alia
341 1032 498 1080 terra
523 1039 706 1079 novas
729 1023 896 1079 sedes
921 1031 1263 1097 quaererent.
2390 1044 2399 1057 ·

281 1107 416 1157 144.
458 1102 590 1158 Alia
612 1118 754 1159 vero
777 1102 956 1157 etiam
983 1112 1120 1157 ante
1161 1102 1314 1157 hanc
1351 1097 1615 1171 ejusdem
1660 1098 2409 1161 Themistoclis,sententia

193 1190 530 1253 opportune
555 1181 786 1237 vicerat.
865 1179 1070 1239 Quum
1095 1180 1370 1254 ingentes
1389 1179 1637 1237 fuissent
1660 1180 1719 1235 in
1742 1177 2179 1235 Atheniensium
2202 1182 2407 1237 aerario

193 1258 488 1333 pecuniae,
513 1274 646 1331 quae
671 1274 743 1313 ex
772 1259 1022 1314 metallis
1051 1276 1087 1315 a
1119 1258 1342 1315 Lauren
1385 1256 1695 1324 redierant,
1724 1256 1783 1313 in
1808 1270 1993 1328 eoque
2022 1274 2109 1313 res
2136 1267 2311 1325 esset,
2340 1270 2407 1317 ut

191 1354 266 1392 ea
293 1337 548 1411 pecunia
572 1338 793 1393 viritim
833 1337 1060 1393 civibus
1101 1337 1479 1402 divideretur,
1508 1345 1568 1392 et
1608 1335 2012 1409 unusquisque
2052 1335 2255 1393 decem
2304 1354 2403 1393 ac—

189 1416 420 1489 ciperet
491 1416 830 1484 drachmas3
895 1423 1042 1472 tunc
1091 1415 1519 1473 Themistocles
1587 1421 1951 1488 persuaserat
2016 1414 2266 1481 civibus,
2314 1426 2402 1481 ut,

189 1496 420 1551 omissa
446 1494 550 1549 illa
575 1494 1008 1559 distributione,
1033 1511 1208 1551 naves
1233 1512 1306 1551 ex
1337 1495 1448 1551 hac
1474 1494 1723 1567 pecunia
1744 1494 2027 1549 ducentas
2052 1492 2405 1551 aedificarent

189 1573 270 1627 ad
303 1573 551 1637 bellum,
579 1581 648 1628 ut
673 1572 884 1641 aiebat,
913 1588 1050 1631 cum
1077 1572 1391 1648 AEginetis.
1475 1570 1613 1628 Hoc
1638 1573 1793 1627 enim
1823 1570 2067 1633 bellum,
2094 1580 2235 1627 tune
2262 1590 2402 1629 con-

189 1651 432 1717 flatum,
457 1651 700 1707 Graeciae
727 1650 844 1708 fuit
877 1649 1072 1715 saluti,
1097 1668 1169 1707 eo
1195 1652 1350 1725 quod
1379 1650 1761 1707 Athenienses
1798 1650 1945 1704 mari
1986 1648 2125 1703 dare
2156 1666 2403 1721 operam

185 1730 414 1805 coegit.
495 1726 604 1784 Sed
633 1744 808 1785 naves
833 1729 943 1791 has,
975 1728 1046 1785 ad
1073 1747 1246 1804 quem
1276 1736 1629 1803 comparatae
1667 1728 1905 1785 fuerant
1944 1744 2143 1791 usum,
2168 1728 2231 1783 in
2262 1744 2401 1785 eum

183 1808 432 1882 quidem
478 1816 600 1863 n'on
643 1816 788 1864 sunt
829 1808 1105 1864 adhibitas
1127 1830 1163 1864 ε,
1185 1817 1249 1865 at
1291 1809 1378 1864 ita
1419 1818 1617 1870 tamen
1656 1813 1985 1880 opportuno
2030 1815 2295 1880 tempore
2334 1808 2400 1865 in

183 1898 438 1962 promtu
474 1886 642 1943 fuere
677 1886 938 1943 Graeciae.
1020 1886 1146 1943 Has
1187 1888 1376 1962 igitur
1411 1902 1609 1951 naves,
1652 1895 1784 1941 ante
1824 1891 2211 1956 comparatas,
2254 1895 2401 1943 tunc

185 1966 453 2023 habuere
493 1965 924 2033 'Athenienses3
969 1972 1294 2039 proeterque
1333 1982 1432 2021 eas
1480 1965 1611 2021 alite
1648 1970 1813 2021 erant
1854 1962 2223 2021 aedificandae.
2320 1964 2401 2021 Et

181 2052 342 2119 post
355 2052 663 2117 acceptum
693 2044 916 2099 oraculi
942 2060 1294 2117 responsum
1321 2044 1523 2120 habita
1560 2042 1973 2101 deliberatione
1996 2042 2399 2109 decreverunt,

183 2124 308 2180 deo
345 2122 733 2196 obsequentes
773 2138 909 2179 cum
951 2122 1224 2179 omnibus
1265 2114 1448 2197 copiis
1490 2139 1667 2179 naves
1709 2120 2117 2187 conscendere,
2146 2129 2205 2177 et
2230 2124 2401 2189 mari}

187 2219 317 2260 una
342 2217 482 2257 cum
507 2201 588 2257 eis
615 2218 690 2255 ex
715 2198 934 2255 Graecis
959 2202 1062 2273 qui
1093 2203 1174 2256 ita
1201 2200 1438 2267 vellent,
1465 2201 1729 2274 excipere
1754 2198 2079 2255 Barbarum
2110 2192 2403 2257 Graeciam

189 2280 590 2337 invadentem.
629 2276 750 2334 Ista
775 2280 978 2353 igitur,
1007 2297 1140 2353 quae
1161 2278 1306 2345 dixi,
1334 2280 1569 2335 oracula
1592 2277 2040 2335 Atheniensibus
2066 2288 2399 2335 evenerant.

193 2405 204 2413 .
281 2363 413 2415 145.
457 2358 772 2429 Postquam
801 2376 940 2413 vero
979 2355 1039 2412 in
1083 2374 1276 2413 unum
1315 2357 1512 2413 locum
1555 2370 1879 2412 convenere
1928 2354 2283 2429 quicumque
2326 2361 2402 2415 ex*

195 2438 422 2493 Graecis
449 2436 737 2492 Graeciam
785 2434 1174 2491 incolentibus
1209 2435 1456 2491 meliora
1495 2433 1841 2499 sentiebant,
1870 2432 1950 2489 ibi
1998 2439 2143 2489 tum
2169 2436 2400 2493 collatis

187 2516 355 2572 inter
379 2532 442 2571 se
465 2514 854 2581 sermonibus,
881 2514 1110 2587 fideque
1135 2514 1294 2581 data,
1312 2514 1384 2570 de
1409 2512 1709 2569 communi
1737 2512 1991 2567 >consilio
2017 2511 2255 2584 placuit,
2282 2515 2401 2587 pri'-

193 2612 365 2651 mum
386 2611 576 2649 rerum
593 2592 859 2649 omnium
877 2609 1228 2667 componere
1244 2592 1579 2649 inimicitias
1594 2602 1657 2647 et
1679 2599 1889 2647 mutua
1906 2589 2077 2654 bella,
2070 2616 2075 2623 ·
2090 2608 2223 2663 quae
2244 2594 2400 2651 inter

189 2674 354 2747 ipsos
377 2672 724 2729 obtinerent.
825 2670 1009 2729 Erant
1031 2682 1236 2728 autem
1263 2678 1322 2727 et
1344 2672 1499 2727 inter
1522 2671 1669 2727 alios
1693 2679 1961 2727 conserta
1988 2668 2177 2738 bella3
2208 2672 2399 2729 maxi-

189 2768 362 2809 mum
399 2768 536 2808 vero
575 2752 732 2806 inter
783 2749 1166 2807 Athenienses
1213 2758 1275 2805 et
1315 2749 1650 2824 AEginetas.
1738 2745 1969 2805 Deinde
2010 2765 2168 2814 vero,
2208 2765 2395 2823 quum
2502 2766 2511 2773 ·

191 2830 570 2887 rescivissent
609 2827 888 2885 Sardibus
927 2846 1060 2885 cum
1103 2828 1364 2885 exercitu
1401 2846 1526 2885 esse
1565 2827 1847 2892 Xerxem,
1876 2826 2099 2901 placuit
2126 2828 2395 2900 specula·-

191 2914 350 2965 tores
377 2909 610 2965 mittere
651 2908 712 2963 in
759 2907 980 2973 Asiam,
1009 2908 1112 2979 qui
1153 2924 1242 2963 res
1283 2907 1440 2981 regis
1486 2905 1890 2980 explorarent3
1936 2912 2063 2960 tum
2105 2916 2168 2961 et
2208 2908 2399 2981 Argos
2492 2922 2495 2925 ’

191 2988 430 3045 mittere
475 2988 722 3061 legatos,
771 2986 1108 3041 societatem
1165 2986 1440 3041 adversus
1487 2982 1693 3041 Persas
1740 2984 2193 3053 conciliaturus3
2254 2985 2395 3043 item

191 3067 338 3124 alios
369 3066 432 3120 in
465 3066 724 3121 Siciliam
755 3067 986 3121 mittere
1015 3064 1086 3119 ad
1113 3064 1404 3119 Gelonem
1439 3062 1795 3119 Dinomenis
1820 3060 2035 3126 filium,
2065 3071 2125 3118 et
2150 3061 2209 3115 in
2243 3063 2393 3119 Cor—

189 3160 412 3220 cyram,
441 3144 545 3217 qui
565 3142 806 3199 auxilia
831 3143 1050 3199 Graecis
1093 3141 1376 3198 mittenda
1421 3140 1821 3215 postularent,
1867 3139 2113 3213 denique
2149 3140 2299 3197 alios
2335 3143 2395 3199 in

193 3226 476 3280 Cretam:
526 3222 636 3279 hoc
663 3222 946 3287 consilio,
965 3228 1048 3286 ut,
1077 3220 1126 3275 si
1151 3220 1278 3277 fieri
1307 3219 1521 3291 posset,
1552 3222 1610 3275 in
1646 3236 1829 3275 unum
1855 3218 2201 3275 coalesceret
2226 3220 2395 3277 Gras-

193 3320 330 3357 cum
373 3317 555 3356 omne
601 3316 812 3375 genus,
842 3300 1172 3393 ’cunctique
1211 3298 1529 3357 concordes
1570 3292 1795 3369 junctis
1838 3305 2081 3369 agerent
2126 3294 2387 3354 viribus·
2372 3324 2389 3369 3

193 3380 415 3458 quippe
464 3380 688 3434 cunctis
733 3378 950 3451 pariter
997 3376 1220 3433 Graecis
1273 3378 1622 3433 imminente
1670 3374 2397 3451 pericu10.Dicebantur

191 3466 397 3515 autem
444 3473 785 3533 permagnae
821 3469 948 3512 esse
988 3472 1078 3511 res
1121 3456 1384 3523 Gelonis,
1419 3456 1609 3513 multo
1644 3454 1955 3527 ampliores
1994 3470 2169 3528 quam
2212 3444 2397 3513 ullius

189 3536 416 3671 poffii
430 3536 686 3670 {fficha
717 3612 981 3677 decretis,
1009 3609 1287 3685 depositis
1327 3612 1677 3679 inimicitiis,
1706 3612 1963 3685 primum
2004 3615 2396 3704 speculatores

187 3695 440 3751 mittunt
467 3693 528 3748 in
555 3694 775 3757 Asiam,
805 3700 921 3748 tres
951 3692 1120 3746 viros.
1161 3692 1280 3752 Qui
1311 3700 1620 3765 postquam
1652 3691 1859 3747 Sardes
1886 3700 2193 3757 venerunt,
2224 3697 2391 3748 exer-2

187 3775 496 3846 citumque
521 3772 896 3845 explorarunt
921 3770 1100 3843 regis,
1131 3768 1469 3841 deprehensi
1516 3788 1553 3825 a
1596 3770 1841 3825 ducibus
1882 3771 2183 3843 copiarum
2215 3769 2391 3845 pede-¹

187 3853 426 3916 utrium,
471 3850 748 3921 tortique,
791 3848 1247 3903 abducebantur
1269 3848 1557 3923 supplicio
1600 3848 1945 3904 adficiendi:
1988 3848 2192 3920 capitis
2232 3850 2391 3907 enim

185 3931 362 3987 erant
389 3930 674 3986 damnati.
751 3927 926 3989 Quod
957 3926 1063 3983 uhi
1088 3924 1314 3985 Xerxes
1355 3924 1611 3992 rescivit,
1643 3926 1971 3999 improbata
2000 3924 2215 3983 ducum
2260 3926 2397 3985 seu-2

183 4010 398 4073 tentia,
445 4007 772 4064 satellitum
821 4004 1142 4061 nonnullos
1193 4005 1356 4063 misit
1382 4004 1582 4074 jussos
1626 4005 1699 4061 ad
1742 4010 1813 4061 se·
1844 4002 2133 4061 adducere
2182 4004 2419 4080 specu-'

185 4088 425 4151 latores,
455 4086 505 4143 si
530 4086 704 4141 >vivos
729 4084 908 4140 etiam
937 4098 1098 4139 nunc
1143 4084 1296 4139 nacti
1337 4092 1551 4141 essent.
1636 4084 1755 4143 Qui
1784 4098 1967 4154 quum
2012 4082 2147 4139 illos
2187 4102 2391 4159 super·

175 4169 361 4224 stites
386 4164 766 4230 invenissent,
789 4169 863 4220 et
893 4162 956 4221 in
991 4169 1372 4237 conspectum
1413 4161 1823 4235 produxissent
1849 4160 2001 4234 regis
2029 4184 2047 4233 3
2096 4170 2221 4222 tum
2253 4181 2393 4221 vero

1151 4290 1154 4293 ,
1207 4244 1244 4297 2
1276 4258 1313 4295 x
1345 4244 1384 4301 2
2134 4244 2163 4289 δ
