2925 4992
1060 326 1430 390 THALIA.
2237 328 2356 389 1³0

173 484 385 545 Ioniam
425 485 823 563 reliquamque
850 485 1138 545 Graeciam
1173 486 1622 547 celebrarentur.
1697 480 1942 543 Etenim
1979 499 2352 561 quocumque

173 582 295 624 eum
318 568 573 625 exercitu
610 566 1091 641 proficisceretur,
1118 566 1317 625 omnia
1340 566 1395 622 ei
1422 565 1668 622 feliciter
1692 563 1992 621 cedebant.
2072 564 2354 622 Habebat

172 652 351 701 autem
394 658 633 703 centum
676 646 963 703 actuarias
1014 660 1197 702 naves
1236 644 1671 721 quinquaginta
1713 658 2033 713 remorum,
2077 650 2139 701 et
2183 642 2350 700 mille

173 724 482 799 sagittarios
500 741 521 781 z
562 733 919 796 cunctosque
958 724 1355 789 circumcirca,
1383 724 1556 781 nullo
1585 722 1920 781 discrimine
1961 722 2144 789 facto,
2175 722 2348 779 inva-

172 800 315 868 dens,
342 806 557 878 agebat
584 804 923 876 ferebatque
950 803 1165 860 omnia.
1232 802 1389 860 Nam
1416 802 1631 867 amico,
1661 802 1876 868 aiebat,
1905 801 2098 876 magis
2125 818 2188 857 se
2213 816 2351 875 gra-

172 880 527 949 tificaturum,
554 883 607 939 si
642 898 733 949 ea,
760 898 893 957 qnae
932 878 1258 955 eripuisset,
1286 880 1476 938 eidem
1516 881 1865 946 restitueret,
1893 896 2075 954 quam
2101 880 2154 936 si
2177 880 2351 937 initio

172 958 295 1015 nihil
326 961 649 1034 eripuisset.
728 958 953 1017 Multas
994 959 1177 1035 igitur
1214 959 1438 1016 insulas
1464 967 1716 1033 ceperat,
1747 958 1933 1015 multa
1973 959 2115 1019 item
2157 956 2348 1019 conti·

170 1035 339 1094 nentis
364 1040 617 1113 oppida:
660 1040 723 1095 in
750 1039 840 1095 his
870 1036 1134 1108 Lesbios,
1163 1054 1345 1113 quum
1374 1038 1651 1095 omnibns
1693 1037 1917 1099 viribus
1963 1036 2213 1095 Milesiis
2239 1054 2348 1094 au-

168 1114 290 1172 xilio
314 1128 507 1175 essent
532 1118 805 1192 profecti,
828 1116 1024 1173 navali
1048 1133 1256 1193 pugna
1280 1126 1582 1191 superatos
1609 1116 1768 1189 cepit
1793 1141 1810 1186 3
1856 1116 1957 1190 qui
1983 1116 2192 1178 deinde
2211 1118 2349 1179 uni·

168 1210 367 1253 versam
395 1196 643 1264 fossam,
674 1212 913 1253 murum
942 1196 1107 1251 Sami
1132 1194 1518 1261 ambientem,
1543 1194 1722 1251 vincti
1750 1195 2049 1257 foderunt.

174 1295 183 1306 ·
230 1277 314 1329 40.
354 1274 598 1334 Amasin
640 1292 761 1331 non
800 1275 1042 1341 latebat,
1070 1274 1305 1350 ingenti
1344 1274 1628 1330 felicitate
1669 1274 1754 1329 uti
1797 1274 2200 1348 Polycratem3
2245 1275 2350 1332 sed

168 1367 225 1408 ea
246 1370 329 1411 res
364 1354 655 1445 illi-curae
694 1362 837 1410 erat.
914 1354 1121 1415 Quum
1164 1370 1305 1447 vero
1344 1354 1526 1410 etiam
1565 1352 1754 1408 multo
1799 1354 1992 1428 magis
2035 1366 2352 1430 augeretur

165 1446 434 1567 ‘ianm
460 1433 957 1587 ’ἒᾏῖοἷὲῗᾚὲ
991 1448 1173 1567 ἓέἒῖῖῗ
1226 1429 1606 1567 '332230330
1625 1430 2344 1587 „3020321322233223

168 1590 402 1647 “virum
429 1592 697 1650 amicum
714 1598 772 1647 et
802 1589 1093 1663 hospitem
1126 1589 1275 1645 bene
1302 1606 1494 1663 agere.
1537 1588 1614 1645 At
1639 1589 1786 1644 mihi
1819 1604 1937 1645 non
1970 1590 2200 1661 placent
2225 1597 2348 1652 tum

165 1668 203 1699 “
226 1685 305 1724 res
332 1666 592 1726 nimium
614 1668 901 1733 secundae,
916 1678 985 1724 ut
1012 1666 1115 1743 qui
1140 1666 1357 1732 norim,
1382 1665 1654 1723 invidum
1683 1680 1808 1724 esse
1835 1682 2096 1725 nument
2126 1686 2194 1725 ac
2221 1668 2348 1726 fere

166 1748 202 1778 “
225 1749 399 1823 cupio,
426 1757 495 1804 ut
528 1754 590 1805 et
616 1765 730 1823 ego
756 1756 818 1804 et
858 1748 919 1803 hi
954 1746 1058 1821 qui
1098 1741 1247 1802 mihi
1286 1760 1443 1801 curae
1482 1753 1643 1812 sunt,
1675 1746 1889 1819 partim
1928 1746 2165 1823 quidem
2204 1764 2346 1821 pro-

166 1827 201 1855 “
225 1842 376 1898 spero
396 1834 649 1884 utamur
671 1841 863 1883 rerum
904 1841 1200 1891 successu,
1232 1825 1444 1897 partim
1473 1842 1616 1879 vero
1641 1820 1819 1883 etiam
1861 1826 2130 1883 nonnihil
2155 1826 2346 1883 offen-

166 1908 202 1934 “
228 1904 419 1963 damus
437 1930 456 1979 3
503 1915 688 1981 atque
732 1906 817 1961 ita
856 1905 1053 1981 potius
1098 1905 1281 1960 vitam
1324 1905 1741 1978 transigamus,
1781 1904 2044 1961 variante
2081 1904 2344 1974 fortuna,

167 1986 204 2013 “
228 2000 391 2057 quam
440 2000 869 2060 usquequaque
922 1985 1105 2039 simus
1154 1982 1374 2039 felices.
1452 1978 1769 2039 Neminem
1819 1982 1978 2039 enim
2031 1986 2196 2051 novi,
2241 1994 2348 2043 aut

167 2064 199 2091 ‘¹
220 2062 387 2119 fando
413 2058 638 2128 audivi,
654 2064 822 2137 quin,
848 2072 1160 2137 postquam
1188 2077 1606 2141 usquequaque
1633 2078 1909 2135 prospera
1933 2078 2076 2119 usus
2103 2070 2194 2120 est
2221 2064 2344 2121 for-

168 2144 205 2171 “
225 2148 379 2209 tuna,
420 2150 727 2217 postremo
770 2142 1090 2219 poesimum
1134 2140 1399 2197 funditus
1446 2140 1624 2196 finem
1669 2140 1957 2197 habuerit.
2033 2140 2134 2198 Tu
2175 2160 2344 2221 ergo,

168 2222 204 2248 “
226 2236 407 2278 meum
436 2230 676 2278 secutus
704 2220 1032 2286 consilium,
1062 2219 1337 2275 adversus
1378 2219 1542 2274 iliam
1587 2226 1754 2274 tuam
1796 2220 2046 2275 nimiam
2089 2220 2343 2279 felicita·

166 2300 202 2328 “
223 2304 350 2367 tem,
374 2300 471 2357 fac
495 2300 715 2357 hocce:
759 2300 957 2375 cogita
982 2298 1121 2379 quid
1146 2298 1223 2354 sit
1248 2298 1403 2371 quod
1426 2298 1642 2353 habeas
1670 2296 1824 2370 quod
1853 2299 2101 2353 maximi
2129 2300 2236 2357 tibi
2266 2302 2346 2364 sit

166 2377 203 2405 “
223 2379 395 2448 pretii,
422 2387 482 2437 et
502 2396 627 2454 quo
654 2378 869 2435 amisso
893 2394 1129 2435 summa
1148 2378 1329 2433 animi
1356 2376 1704 2451 aegritudine
1731 2366 2028 2432 adfectum
2055 2385 2116 2435 te
2145 2380 2215 2449 iri
2242 2398 2344 2447 εκ,

165 2457 205 2485 “
227 2454 469 2528 istimes;
516 2466 701 2532 atque
747 2458 830 2512 ita
878 2456 1019 2512 iliud
1063 2450 1269 2525 abjice,
1306 2462 1377 2512 ut
1415 2456 1570 2511 inter
1614 2453 1882 2509 homines
1929 2471 2046 2525 non
2088 2458 2344 2533 amplius

167 2536 201 2563 “
218 2546 556 2610 compareat.
637 2536 865 2598 Quodsi
902 2534 1150 2611 posthac
1190 2533 1298 2590 tibi
1324 2550 1415 2590 res
1444 2532 1715 2609 secu-ndoe
1740 2530 1870 2609 jam
1899 2550 2016 2591 non
2060 2550 2162 2615 per
2185 2534 2342 2607 trices

167 2614 203 2642 “
225 2629 344 2670 cum
372 2616 515 2691 ipsis
542 2614 888 2671 infortuniis
906 2621 1203 2670 eventurae
1228 2620 1385 2680 sunt,
1404 2612 1500 2669 fac
1521 2620 1590 2673 ut
1613 2611 1787 2682 rebus
1813 2611 1932 2683 tuis
1959 2612 2066 2679 hac
2095 2614 2342 2687 ratione,

166 2692 199 2723 “
220 2706 379 2765 quam
406 2694 513 2751 tibi
550 2710 837 2767 proponO,
868 2694 1205 2751 medearis.'‘
2327 2684 2340 2698 ‘

225 2774 311 2827 41.
354 2770 461 2830 His
486 2773 763 2849 perlectis
792 2772 1142 2847 Polycrates,
1174 2772 1516 2851 intelligens
1540 2775 1693 2835 bene
1716 2792 1778 2831 se
1807 2786 2046 2834 monere
2073 2777 2340 2849 Amasin,

164 2850 399 2919 quaesivit
438 2852 726 2928 quidnam
768 2860 918 2908 esset
958 2870 1030 2909 ex
1070 2853 1193 2909 suis
1237 2854 1503 2921 cimeliis,
1540 2852 1705 2930 cujus
1743 2849 1980 2927 jactura
2019 2854 2340 2915 maximam

165 2927 337 2986 animo
360 2946 467 2987 suo
494 2930 909 3005 aegritudinem
933 2940 1085 2989 esset
1110 2932 1377 2989 adlatura
1399 2955 1412 2989 ε
1459 2940 1540 2998 et,
1570 2950 1764 2991 rerum
1793 2950 2031 2994 suarum
2075 2934 2226 2990 inita
2249 2952 2341 2990 ra-

162 3003 314 3073 tione,
355 3009 467 3066 hoc
512 3010 744 3083 reperit.
826 3009 969 3067 Erat
1009 3012 1064 3067 ei
1114 3010 1363 3070 annulus
1404 3012 1790 3087 signator-ius,
1827 3027 2005 3086 quem
2047 3012 2339 3086 gestabat,

164 3098 283 3140 auro
321 3087 581 3155 vinctus,
607 3106 681 3145 ex
720 3089 1033 3164 smaragdo
1077 3089 1293 3169 lapide,
1320 3090 1619 3151 Theodori
1664 3106 1814 3162 opus
1860 3089 2062 3155 Samii,
2091 3089 2342 3159 'l'eleclis

164 3159 267 3218 filii.
340 3164 527 3223 Hunc
581 3168 865 3223 annulum
920 3164 1169 3239 abjicere
1226 3186 1423 3224 secum
1481 3168 1871 3234 constituens,
1931 3168 2072 3223 fecit
2127 3168 2340 3231 haeece,

164 3236 468 3301 Actuariam
518 3264 731 3303 navem
773 3242 1204 3322 quinquaginta
1252 3264 1550 3307 remorum
1593 3246 1930 3303 hominibus
1971 3248 2334 3321 complevit3

162 3330 313 3388 quam
354 3334 668 3399 postquam
696 3333 756 3380 et
781 3326 906 3397 ipse
931 3325 1285 3389 conscendit,
1308 3323 1488 3401 jussit
1529 3325 1660 3381 illos
1687 3326 1747 3381 in
1769 3326 1958 3383 altum
1985 3328 2299 3411 enavigare
2322 3346 2338 3393 ς

163 3412 436 3475 quumque
476 3402 683 3478 procul
710 3404 1003 3460 tib-insula
1030 3403 1318 3470 abessent,
1348 3405 1675 3463 detractum
1701 3404 1773 3460 de
1813 3422 1993 3461 manu
2021 3406 2339 3477 annulum,

164 3481 630 3551 conspicientibus
657 3482 883 3538 cunctis
914 3482 1015 3555 qui
1052 3484 1113 3538 in
1158 3482 1294 3539 navi
1334 3492 1518 3547 erant,
1549 3484 1611 3539 in
1657 3501 1818 3539 mare
1860 3481 2123 3561 projecit.
2207 3484 2342 3551 Hoc

162 3550 318 3691 filaus),
347 3569 497 3616 retro
525 3562 861 3636 navigavitt
908 3574 967 3616 et
992 3568 1306 3636 postquam
1342 3560 1587 3619 domum
1616 3562 1809 3629 rediit,
1839 3563 1900 3627 in
1931 3580 2180 3622 moerore
2207 3582 2340 3623 ver-1

162 3646 216 3686 88
321 3646 423 3695 est.

227 3718 314 3771 42.
351 3717 425 3773 At
452 3717 663 3792 quinto
690 3726 795 3776 aut
822 3726 987 3777 sexto
1014 3718 1221 3777 exinde
1248 3718 1343 3777 die
1370 3736 1459 3776 res
1488 3716 1541 3776 ei
1570 3720 1779 3785 accidit
1803 3722 2161 3793 hujusmodi.
2204 3724 2338 3785 Ho-

164 3800 248 3879 ¹¹3⁰
296 3794 660 3866 piscatoriam
716 3814 1010 3865 exercens,
1060 3814 1243 3875 quum
1294 3800 1600 3875 ingentem
1655 3801 2042 3875 pulcrumque
2095 3803 2348 3875 cepisset

164 3874 381 3938 punem,
414 3875 704 3949 Polycrati
728 3894 866 3933 eum
889 3876 1083 3937 voluit
1120 3878 1279 3933 dono
1316 3878 1490 3937 daret
1537 3880 1732 3953 itaque
1770 3882 1840 3936 ad
1883 3880 2042 3936 fores
2076 3881 2230 3955 regis
2270 3882 2344 3949 ile

163 3940 271 4002 lum
296 3949 502 4019 ferens,
532 3951 614 4009 ait
642 3955 791 4011 velle
818 3973 881 4011 se
904 3956 1197 4029 Polycrati
1239 3957 1297 4011 in
1326 3965 1707 4037 conspectum
1737 3959 1952 4015 venire.
2033 3958 2219 4030 Quod¹
2237 3960 2343 4030 ubi

164 4019 238 4077 illi
270 4032 529 4106 contigit,
556 4032 805 4090 offerens
832 4034 900 4090 ei·
927 4034 1146 4107 piscem
1194 4034 1379 4098 dixitt
1425 4042 1468 4073 ‘¹
1503 4036 1681 4092 Hunc
1721 4038 1961 4113 piscem,
1989 4036 2142 4105 Rex,
2175 4032 2347 4113 postq'

167 4102 201 4129 “
225 4118 386 4174 quam
406 4127 519 4187 ego
544 4112 696 4185 cepi,
718 4128 839 4169 non
858 4107 1121 4182 judicavi
1148 4112 1207 4170 in
1230 4112 1429 4177 forum
1456 4132 1651 4170 rerum
1669 4112 1969 4183 venalium
1997 4132 2122 4175 esse
2143 4118 2339 4182 feretr-¹

166 4180 201 4213 “
224 4180 372 4244 (Μαι
400 4189 669 4268 quamvis
694 4191 806 4249 sim
847 4192 1029 4250 homo
1055 4207 1240 4253 manu
1285 4210 1419 4249 mea
1442 4193 1670 4250 victum
1697 4210 1962 4266 quaerens
1990 4219 2005 4265 3
2055 4197 2154 4268 scd
2185 4198 2340 4269 visus

1180 4288 1218 4333 τ
1246 4273 1285 4326 Ε).

412 4484 421 4514 l

2561 3999 2599 4038 Q

2533 4105 2593 4146 ’ὓ
