2925 4992
504 333 621 388 ³78
1013 322 1510 383 nnnono'rl
1571 316 1932 383 nls‘ron.
1986 320 2152 383 vm.
2228 400 2239 409 ,

502 496 703 543 tamen
746 484 1131 550 resistebant3
1198 500 1308 539 nec
1348 482 1709 539 conditiones
1751 482 1824 538 de
1871 481 2166 539 deditione
2211 481 2626 551 admittebant,
2674 502 2714 540 a

503 564 881 623 Pisistratidis
908 563 1253 636 propositas.
1332 560 1707 617 Resistebant
1745 568 1968 627 autem,
1995 578 2181 635 quum
2207 561 2324 617 alia
2347 570 2560 619 eontra
2581 580 2714 618 ma-

504 646 835 708 chinantes,
864 650 995 698 tum
1022 655 1104 707 et,
1132 640 1361 713 quoties
1388 640 1459 695 ad
1490 647 1720 713 portam
1741 640 2136 698 succederent
2163 640 2418 707 barbari,
2451 642 2717 716 ingenti-

508 724 619 781 bus
646 723 707 777 in
734 738 833 777 eos
860 721 1015 777 saxis
1041 719 1333 777 devolutis
1358 744 1374 789 ;
1418 726 1492 774 ut
1517 717 1724 792 perdiu
1749 713 1976 775 Xerxes
2017 719 2187 793 inops
2235 719 2419 775 fuerit
2465 720 2721 787 consilii,

510 817 699 877 quum
726 800 857 855 illos
882 815 1218 874 expugnare
1244 814 1365 853 non
1394 803 1609 871 posset.
1853 788 1899 840 Β

592 884 688 935 53.
728 878 817 935 Ad
844 886 1176 934 extremum
1218 892 1379 941 vero,
1410 884 1544 950 post
1581 876 1714 932 illas
1757 848 2148 941 diffiffltates,
2177 876 2452 935 introitus
2479 879 2723 951 quidam

512 962 573 1017 in
603 975 797 1015 arcem
826 956 1086 1013 barbaris
1112 954 1419 1030 adparuit:
1465 954 1672 1012 debuit
1697 956 1882 1021 enim,
1899 951 2071 1024 juxta
2089 958 2418 1023 oraculum,
2445 958 2728 1014 universa

510 1036 959 1095 Atheniensium
1002 1041 1175 1101 terra,
1218 1040 1504 1107 quatenus
1548 1034 1612 1089 in
1657 1032 1990 1090 continente
2033 1040 2176 1098 erat,
2217 1035 2278 1091 in
2327 1037 2726 1098 Bar-berorum

510 1116 713 1173 venire
742 1122 1109 1188 potestatem.
1190 1112 1333 1167 Erat
1358 1112 1542 1186 igitur
1567 1120 1708 1169 ante
1737 1130 1955 1178 arcem,
1981 1112 2080 1168 sed
2125 1113 2184 1169 in
2211 1122 2374 1187 parte
2403 1134 2438 1169 a
2466 1122 2638 1188 porta
2663 1126 2726 1170 et

512 1196 799 1252 adscensu
824 1210 1045 1257 aversa,
1073 1192 1237 1248 locus
1263 1190 1367 1247 ubi
1396 1207 1571 1247 nemo
1595 1191 1946 1256 excubabat,
1977 1198 2036 1246 et
2061 1191 2162 1247 ubi
2194 1210 2372 1249 nemo
2397 1194 2728 1249 crediderat

514 1288 871 1348 quemquam
902 1271 1238 1331 „hominum
1282 1286 1571 1343 umquam
1623 1270 2074 1327 adscensurum:
2133 1288 2204 1326 eo
2255 1272 2404 1338 loco,
2451 1273 2726 1345 quamvis

514 1359 829 1427 praerupte,
873 1350 1295 1407 adscenderunt
1350 1349 1620 1406 nonnulli
1669 1366 1850 1422 prope
1895 1344 2135 1419 Aglauri
2161 1348 2389 1423 fanum,
2445 1351 2727 1425 Cecropis

512 1432 671 1487 filiae.
748 1431 915 1491 Quos
942 1438 1009 1485 nt
1036 1429 1097 1483 in
1128 1445 1319 1483 arcem
1346 1428 1752 1484 conscendisse
1793 1426 2061 1483 viderunt
2087 1430 2493 1495 AthenienseS,
2523 1430 2624 1485 alii
2654 1430 2729 1487 de

514 1526 689 1566 muro
731 1525 857 1564 sese
904 1506 1344 1581 praecipitamnt
1393 1508 1830 1579 perieruntque,
1879 1505 1978 1561 alii
2021 1506 2084 1559 in
2131 1508 2471 1564 interiorem
2515 1508 2730 1582 templi

518 1589 705 1644 aedem
758 1586 1175 1660 confugerunt.
1267 1585 1455 1641 Persae
1505 1601 1646 1641 vero
1696 1585 1796 1658 qui
1841 1582 2281 1653 adscenderant,
2336 1588 2597 1660 primum
2653 1588 2729 1643 ad

518 1674 749 1740 portam
792 1665 1196 1729 adeun-erunt,
1244 1681 1429 1736 eaque
1475 1672 1676 1736 aperta
1721 1662 2090 1718 trucidarunt
2131 1665 2463 1740 supplices3
2511 1665 2732 1739 quibus

520 1745 804 1803 omnibus
850 1744 1080 1808 occisis,
1112 1742 1437 1817 spoliarunt
1477 1741 1788 1816 templum,
1815 1748 1878 1797 et
1927 1740 2262 1800 universam
2315 1746 2595 1817 aci-cpolim
2639 1748 2732 1801 in-

526 1824 837 1880 cenderunt.
2721 1844 2731 1849 ·

602 1904 697 1959 54.
735 1903 789 1958 T
792 1921 894 1958 um
940 1903 1191 1964 Xerxes,
1235 1900 1482 1957 Athenis
1523 1900 1758 1973 penitus
1801 1902 2027 1972 potitust,
2055 1902 2314 1975 equitem
2360 1903 2510 1959 Susa
2544 1904 2733 1971 misit,

522 1982 624 2055 qui
648 1981 943 2039 Artabano
972 1998 1096 2037 rem
1124 1980 1373 2037 feliciter
1396 1986 1628 2054 gestam
1673 1980 1993 2035 nunciaret.
2078 1980 2357 2037 Postridie
2384 2000 2526 2039 vero
2549 2000 2733 2057 quam

523 2061 814 2117 nuncium
867 2059 1021 2114 hunc
1070 2058 1312 2123 dimisit,
1366 2058 1702 2113 convocatis
1752 2056 2200 2115 Atheniensium
2251 2059 2572 2129 exsulibus,
2629 2061 2738 2135 qui

524 2138 685 2195 illius
710 2144 901 2193 castra
923 2136 1338 2211 sequebantur,
1366 2135 1690 2202 mandavit,
1715 2144 1786 2191 ut
1813 2136 1875 2191 in
1899 2153 2091 2191 arcem
2119 2138 2559 2206 adscenderent,
2585 2158 2737 2197 suo-

524 2234 639 2292 que
668 2216 783 2273 ritu
806 2216 889 2271 ibi
932 2234 1095 2273 sacra
1120 2215 1383 2271 facerent
1405 2240 1422 2285 3
1469 2215 1592 2269 sive
1619 2214 1774 2288 quod
1818 2215 1946 2271 viso
1987 2223 2282 2273 nocturno
2315 2219 2576 2275 monitus
2621 2220 2739 2276 hoc

524 2297 641 2353 illis
670 2296 995 2371 imperavit,
1027 2296 1151 2352 sive
1179 2290 1387 2369 religio
1424 2291 1690 2367 quaedam
1733 2310 1872 2349 eum
1915 2295 2228 2351 incesserat
2253 2297 2410 2370 quod
2441 2299 2743 2372 templum

527 2382 857 2433 cremasset.
939 2374 1021 2429 Et
1044 2372 1484 2429 Atheniensium
1514 2371 1744 2427 exsules
1773 2372 2044 2428 mandata
2073 2373 2352 2431 fecerunt.

608 2458 704 2511 55.
744 2454 869 2510 Cur
894 2460 1088 2516 autem
1123 2448 1297 2521 hujus
1328 2452 1409 2507 rei
1436 2450 1672 2507 fecerim
1705 2450 2090 2517 mentionem,
2113 2452 2323 2509 dicam.
2405 2455 2516 2511 Est
2539 2454 2599 2511 in
2629 2456 2746 2513 hac

527 2532 788 2607 acropoli
828 2532 1087 2603 templum
1114 2530 1404 2585 Erechthei
1442 2530 1620 2593 illius,
1647 2527 1750 2601 qui
1793 2536 1946 2584 terra
1985 2531 2220 2603 genitus
2263 2533 2497 2600 dicitur,
2526 2551 2650 2608 quo
2681 2536 2748 2591 in

528 2612 757 2684 templo
782 2611 900 2666 olea
940 2610 1089 2665 inest
1116 2616 1175 2663 et
1200 2626 1367 2672 mare,
1396 2626 1528 2681 quae
1551 2609 1721 2663 aiunt
1761 2624 1796 2660 a
1834 2608 2118 2680 Neptuno
2143 2619 2204 2665 et
2232 2612 2520 2678 Minerva,
2549 2630 2748 2685 quum

528 2691 603 2746 de
654 2691 765 2745 hac
814 2698 965 2744 terr-u
992 2688 1143 2742 inter
1178 2705 1239 2742 se
1280 2694 1593 2752 certarent,
1621 2685 1868 2741 testibus
1913 2687 2213 2743 advocatis
2256 2692 2746 2760 AtheniensibuS,

456 2770 461 2775 ’
526 2767 722 2843 posita
766 2767 852 2821 ihi
896 2766 1095 2821 fuisse.
1176 2764 1323 2821 Haec
1366 2765 1552 2837 igitur
1597 2764 1730 2819 olea
1775 2764 1954 2819 simul
2007 2783 2143 2822 eum
2183 2768 2408 2843 reliquo
2450 2771 2682 2847 templo
2711 2791 2750 2826 a

526 2846 792 2903 barbaris
816 2852 941 2901 erat
978 2851 1268 2900 cremata:
1314 2843 1500 2900 altero
1543 2858 1685 2898 vero
1727 2842 1804 2897 ab
1850 2842 1962 2899 hoc
2001 2845 2278 2901 incendio
2319 2849 2434 2914 die,
2461 2860 2532 2905 ut
2570 2851 2640 2904 in
2685 2851 2752 2910 id

529 2926 823 2999 templum
862 2923 1290 2980 adscenderunt
1312 2921 1695 2978 Athenienses
1735 2938 1897 2977 sacra
1923 2922 2114 2979 facere
2129 2920 2279 2994 jussi
2306 2946 2343 2981 a
2365 2927 2578 2993 Xerxe,
2609 2946 2754 2984 sur·

529 3006 733 3063 culum
779 3002 1057 3059 viderunt
1102 3020 1135 3057 e
1176 3001 1375 3074 stipite
1420 3008 1686 3066 enatum,
1731 3000 1916 3056 cubiti
1959 3000 2082 3059 fere
2125 3002 2519 3113 longitndiff.
2599 3006 2752 3065 Hoc

531 3084 771 3163 quidem
800 3082 887 3139 illi
912 3088 1336 3137 memorarunt.

612 3168 706 3221 56.
746 3161 941 3219 Graeci
966 3178 1105 3217 vero
1147 3161 1221 3215 ad
1260 3160 1612 3225 Salaminem,
1655 3166 1724 3214 ut
1761 3160 2104 3217 nunciatum
2145 3171 2236 3219 est
2281 3163 2364 3219 eis
2411 3157 2528 3239 qu‘o
2574 3173 2754 3225 statu

528 3250 683 3301 esset
707 3240 1076 3299 Athenarum
1112 3238 1418 3312 acropolis‚
1449 3245 1618 3293 tanto
1655 3244 1792 3293 sunt
1827 3246 2044 3295 terrore
2093 3242 2367 3315 perculsi,
2399 3248 2528 3300 ut'e
2567 3244 2753 3302 d‘u‘ei-

529 3324 641 3379 bus
666 3318 941 3378 nonnulli
966 3334 1039 3373 ne
1064 3318 1393 3373 manserint
1417 3316 1656 3391 quidem
1685 3316 1868 3373 donec
1892 3334 2069 3389 super
2093 3322 2417 3393 quaestione
2445 3326 2755 3397 proposita

530 3402 697 3459 fieret
736 3399 1056 3463 decretum,
1086 3396 1184 3451 sed
1228 3397 1291 3451 in
1323 3412 1497 3451 naves
1521 3412 1648 3451 sese
1687 3390 2062 3465 conjicientes
2089 3400 2220 3455 vela
2248 3401 2558 3473 panderint
2581 3408 2753 3461 tamss

530 3497 709 3555 quam
763 3473 979 3534 abituri
998 3499 1014 3547 3
1070 3475 1279 3549 reliqui
1336 3492 1476 3529 vero
1525 3490 1586 3529 re
1631 3474 1950 3531 deliberata
2004 3476 2248 3533 fecerint
2292 3478 2615 3547 decretum,
2676 3485 2758 3539 ad

533 3560 799 3615 Isthmum
826 3574 935 3613 esse
955 3556 1325 3627 pugnandum.
1393 3552 1646 3628 Jamque
1661 3570 1776 3611 nox
1803 3553 2036 3625 aderat3
2081 3563 2142 3612 et
2167 3557 2230 3614 hi
2257 3573 2514 3634 quoque,
2541 3561 2756 3619 soluto

530 3654 837 3700 consessu,
870 3648 1047 3690 naves
1074 3641 1219 3689 sunt
1242 3631 1512 3708 ingressi.
2739 3642 2750 3651 ·

611 3722 704 3775 5⁷.
748 3716 841 3773 Ibi
900 3720 1039 3769 tunc
1088 3708 1571 3777 Themistoclem,
1629 3711 1691 3767 in
1745 3729 1960 3769 navem
2009 3730 2326 3784 reversum,
2355 3717 2758 3794 intermgavit

528 3795 941 3868 MnesiphiluS,
970 3790 1115 3847 civis
1142 3790 1538 3855 Atheniensis,
1569 3792 1827 3863 quidnam
1867 3792 1936 3847 ab
1980 3792 2092 3848 illis
2131 3796 2406 3851 decretum
2540 3785 2558 3807 ⁴
2611 3799 2648 3851 .9
2701 3801 2762 3857 Α

420 3929 426 3933 ,
528 3894 648 3947 quo
674 3874 775 3930 ubi
803 3870 1105 3946 cognovit,
1134 3870 1435 3925 decretum
1479 3886 1606 3925 esse
1645 3877 1716 3925 ut
1763 3870 2018 3927 navibus
2043 3872 2116 3929 ad
2139 3870 2438 3931 Isthmum
2595 3878 2756 3933 uctis

530 3962 667 4009 ante
710 3952 1180 4023 Peloponnesum
1228 3947 1618 4003 dimicarent:
1664 3954 1709 3979 “
1739 3947 1918 4010 Quod
1963 3950 2012 4005 si
2055 3950 2299 4025 igimr‚”
2348 3954 2565 4028 inquit,
2615 3961 2660 3987 α
2687 3956 2758 4012 hi

532 4038 578 4064 “
610 4029 903 4087 Salamine
932 4027 1236 4095 solverint,
1264 4032 1333 4081 tu
1354 4044 1462 4099 pro
1489 4027 1653 4082 nulla
1677 4027 1928 4100 amplius
1968 4030 2157 4102 patria
2183 4032 2502 4106 pugnabis.
2581 4033 2754 4091 Nam

532 4116 577 4141 ‘⁴'
606 4110 666 4165 in
719 4127 853 4165 suas
902 4108 1121 4181 quique
1168 4106 1433 4161 civitates
1489 4122 1550 4161 se
1601 4105 1904 4177 recipient,
1949 4114 2008 4161 et
2053 4125 2157 4164 nec
2205 4109 2591 4183 EurybiadeS,
2637 4130 2754 4169 nec

531 4196 574 4227 “
602 4188 912 4266 quisquam
946 4186 1257 4243 hominum
1300 4184 1448 4242 alius
1491 4185 1742 4245 retinere,
1775 4202 1876 4240 eos
1923 4188 2158 4261 poterit,
2201 4189 2345 4262 quin
2389 4190 2758 4250 dissolvatur

2692 4350 2853 4548 ⁴.
