2925 4992
940 340 949 347 ·
1038 314 1492 379 EUTERPE..
1696 344 1706 355 ·
2277 321 2358 377 89

136 468 391 531 locutam.
470 475 731 535 Obtinet
754 481 977 542 autem,
1004 476 1161 551 quod
1184 476 1257 533 ad
1284 478 1455 535 hasce
1477 472 1694 535 bestias
1731 483 1980 551 spectat,
2005 477 2372 537 institutum.

138 549 500 623 hujusmodi.
586 555 915 611 Constituti
950 565 1117 627 «sunt,
1142 557 1361 629 quibus
1396 573 1602 613 earum
1641 554 2000 623 alendarum,
2025 566 2086 613 et
2111 556 2352 631 quidem

136 628 421 707 cujusque
462 636 703 708 generis
740 634 1067 708 sigillatim,
1094 652 1233 691 cura
1270 635 1586 691 commissa
1623 643 1734 701 est,
1763 634 1872 689 viri
1900 634 2172 710 AEgyptii
2211 652 2350 691 mu·

136 710 467 785 liei-esque,
512 724 643 786 qno.
672 714 735 769 in
771 730 1011 769 munere
1052 714 1205 787 patri
1244 713 1395 769 filius
1438 714 1712 770 succedit.
1793 713 2078 771 Praeterea
2124 712 2354 789 singuli

139 791 494 863 oppidorum
522 792 735 849 incolae
772 801 913 847 vota
952 792 1043 847 his
1080 792 1419 857 exsolvunt,
1444 810 1578 866 quae
1599 792 1709 849 deo
1735 792 1788 847 ei
1815 791 2084 849 fecerunt
2121 792 2219 847 cui
2258 809 2352 847 sa·

140 879 299 925 crata
332 876 425 924 est
474 870 664 926 bestia
684 888 703 925 ε
744 870 963 927 scilicet
1006 870 1327 927 liberorum
1362 888 1604 927 suorum
1633 872 1758 927 sive
1783 879 1976 927 totum
2003 878 2202 944 caput,
2225 870 2352 925 sive

140 946 479 1013 dimidium,
512 958 619 1005 aut
656 950 892 1008 tertiam
934 950 1147 1017 radunt
1190 957 1415 1023 partem
1434 974 1453 1017 3
1497 948 1706 1007 deinde
1743 949 1982 1023 capillos
2023 950 2086 1007 iu
2131 948 2352 1005 trutina
2379 990 2392 1001 .

141 1035 457 1101 argentum
480 1037 691 1084 contra
730 1028 991 1103 pendunt
1016 1044 1033 1096 ;
1075 1036 1155 1093 et,
1196 1037 1488 1101 quantum
1516 1028 1694 1085 fuerit
1721 1027 2066 1101 capillorum
2089 1024 2348 1103 pondus,

142 1114 375 1161 tantum
400 1108 637 1182 argenti
654 1108 895 1163 solvunt
918 1106 1189 1163 curatrici
1212 1104 1564 1163 bestiarum:
1609 1106 1844 1179 illaque,
1873 1124 1976 1179 pro
1996 1107 2129 1174 hoc,
2153 1122 2350 1163 escam

140 1183 344 1240 bestiis
370 1185 637 1241 concisos
683 1187 865 1259 pisces
904 1186 1159 1261 praebet,
1206 1186 1317 1241 hoc
1340 1184 1500 1241 enim
1541 1186 1625 1241 eis
1665 1185 1930 1241 alimenti
1971 1203 2165 1263 genus
2192 1184 2348 1241 adsi·

140 1269 393 1338 gnatum
422 1272 527 1321 est.
608 1264 673 1321 Si
699 1265 833 1338 quis
873 1282 1011 1321 vero
1062 1266 1269 1321 harum
1318 1263 1639 1319 bestiarum
1664 1264 2006 1342 quampiam
2046 1264 2349 1329 occiderit,

142 1342 187 1398 si
230 1350 453 1415 sponte
494 1342 551 1397 id
600 1342 827 1409 fecerit,
868 1344 1059 1416 capite
1104 1343 1383 1399 delictum
1436 1342 1590 1411 luit,
1636 1344 1728 1399 sin
1773 1343 2015 1410 invitus,
2063 1342 2365 1400 mulctam'

140 1421 367 1494 pendit,
391 1428 675 1495 quantam
715 1422 1105 1495 irrogaverint
1144 1420 1488 1477 sacerdotes
1566 1420 1688 1482 Qui
1712 1438 1850 1479 vero
1881 1422 1990 1477 ibin
2017 1432 2120 1479 aut
2145 1422 2366 1493 accipi--

143 1507 279 1557 trm
304 1500 567 1566 necavit,
596 1501 719 1555 sive
745 1500 971 1565 volens,
996 1501 1119 1557 sive
1146 1500 1389 1565 invitus,
1416 1516 1554 1555 eum
1581 1501 1730 1557 mori
1758 1518 1990 1557 necesse
2017 1511 2123 1557 est.

218 1584 321 1635 66.
362 1579 653 1641 Quamvis
700 1587 898 1636 autem
952 1578 1155 1635 multae
1199 1578 1318 1634 sint
1372 1576 1594 1643 bestiae,
1637 1595 1772 1651 quae
1821 1595 1960 1635 cum
2015 1577 2354 1635 hominibus

142 1659 389 1715 aluntur
432 1657 731 1731 vitamque
776 1666 1003 1732 agunt3
1048 1657 1242 1713 multo
1284 1657 1461 1714 etiam
1505 1655 1700 1729 plures
1741 1657 1964 1723 forent,
2003 1653 2118 1713 nisi
2138 1657 2352 1733 felibus

142 1737 435 1795 accideret
462 1736 657 1793 hocce.
737 1735 1058 1809 Postquam
1103 1745 1391 1809 peperunt
1418 1732 1703 1801 foeminoe‚
1732 1750 1848 1793 non
1890 1735 2144 1809 amplius
2187 1754 2350 1793 acce-

143 1816 295 1873 dunt
337 1815 415 1871 ad
458 1832 683 1872 mares:
728 1822 793 1871 at
829 1814 911 1882 hi,
956 1813 1111 1871 coire
1148 1831 1284 1871 cum
1326 1813 1441 1869 illis
1482 1815 1977 1889 concupiscentes,
2005 1830 2189 1889 quum
2228 1832 2352 1871 non

143 1895 393 1969 possint,
421 1895 529 1951 tali
554 1901 800 1951 utuntur
818 1894 1080 1963 invento.
1138 1892 1401 1967 Rapiunt
1428 1892 1664 1949 illarum
1695 1894 1892 1961 foetus,
1921 1907 2231 1967 raptosque
2257 1893 2370 1953 in-.

144 1975 479 2043 terficiunt3
526 1990 637 2029 nec
662 1982 861 2029 tamen
882 1972 1203 2029 comedunt
1224 1972 1463 2027 occisos.
1542 1970 1700 2029 Tum
1743 1974 1882 2041 illae,
1916 1974 2064 2029 foetu
2087 1970 2357 2047 privatae,

146 2060 199 2111 et
223 2054 421 2109 alium
448 2051 863 2121 desiderantes,
912 2051 997 2107 sic
1038 2050 1277 2107 demum
1316 2050 1528 2107 iterum
1569 2050 1641 2107 ad
1683 2068 1874 2109 mares
1899 2052 2216 2109 accedunt:
2261 2061 2354 2109 est

146 2133 298 2189 enim
328 2148 545 2187 amans
572 2131 751 2205 prolis
793 2129 993 2186 bestia.
1074 2129 1247 2191 Quod
1290 2127 1339 2184 si
1381 2146 1522 2185 vero
1563 2127 1770 2187 incidit
1809 2130 2174 2197 incendium,
2203 2128 2358 2189 mira

146 2228 231 2267 res
256 2210 481 2267 accidit
510 2209 741 2267 felibus.
818 2208 977 2265 Nam
1004 2206 1277 2283 AEgypfii
1302 2208 1564 2281 quidem,
1589 2225 1694 2281 per
1719 2208 2026 2267 intervalla
2063 2210 2352 2283 dispositi,

146 2288 479 2347 custodiam
523 2285 733 2345 felium
788 2296 995 2361 agunt,
1050 2286 1391 2343 incendium
1444 2286 1681 2343 interim
1738 2288 1886 2345 nihil
1933 2297 2236 2363 curantes,
2291 2296 2358 2343 at

148 2368 313 2439 iseleq,
366 2376 475 2423 aut
522 2384 649 2423 sese
705 2367 1067 2423 insinuantes
1103 2382 1205 2437 per
1247 2364 1556 2421 hominum
1606 2366 1934 2433 intervalla,
1963 2376 2064 2423 aut
2107 2384 2353 2439 superne

145 2440 600 2510 transsilien'tes,
628 2446 689 2501 in
712 2446 913 2521 ignem
954 2443 1257 2501 insiliunt:
1304 2442 1460 2517 quod
1489 2444 1592 2499 ubi
1625 2443 1712 2511 fit,
1741 2446 1949 2519 ingens
1975 2444 2172 2501 luctus
2197 2446 2366 2519 capit,

147 2526 489 2601 AEgyptios.
571 2524 747 2585 Quod
775 2524 824 2579 si
850 2524 1010 2581 ultro
1054 2524 1117 2578 in
1162 2523 1341 2579 domo
1382 2520 1636 2595 quadam
1677 2524 1926 2580 moritur
1953 2522 2114 2597 selis,
2144 2540 2352 2581 omnes

148 2605 365 2667 aedium
390 2603 627 2660 illarum
658 2602 868 2659 incolae
908 2600 1219 2676 supercilia
1242 2601 1371 2657 sola
1396 2600 1608 2657 radunt
1632 2625 1650 2671 3
1696 2604 1848 2676 apud
1877 2620 2023 2677 quos
2047 2620 2183 2659 vero
2207 2604 2355 2660 mnis

150 2692 419 2743 mortuus
448 2681 651 2747 fuerit,
680 2682 741 2736 hi
768 2689 961 2737 totum
990 2680 1203 2736 radunt
1226 2696 1438 2751 corpus
1468 2688 1525 2735 et
1549 2691 1738 2755 caput.

226 2766 341 2821 6⁷..
368 2760 761 2818 Abducuntur
806 2769 1005 2817 autem
1041 2765 1265 2815 mortuae
1288 2757 1436 2833 seles
1489 2758 1548 2813 in
1588 2776 1754 2815 sacra
1800 2761 2088 2835 sepulcra,
2114 2758 2248 2833 quae
2288 2760 2358 2821 in

150 2842 399 2899 Bubasti
426 2847 571 2895 sunt
595 2839 833 2913 oppido,
863 2837 969 2895 ubi
995 2838 1245 2894 conditae
1283 2836 1667 2911 sepeliuntur.
1751 2837 1923 2896 Canes
1962 2851 2159 2895 autem
2189 2858 2352 2899 mor-

151 2930 307 2989 tuos,
336 2922 403 2975 in
434 2936 545 2974 suo
571 2918 813 2991 quisque
840 2917 1054 2991 oppido
1078 2916 1257 2973 sacris
1282 2916 1343 2972 in
1368 2916 1704 2977 conditoriis
1743 2917 2063 2989 sepeliunt:
2109 2927 2170 2973 et
2193 2914 2356 2975 simi-

150 3001 301 3067 liter,
348 3005 531 3071 atque
577 3013 773 3062 canes,
802 2995 1160 3069 sepeliuntur
1204 2993 1590 3049 ichneumones.
1671 2994 1860 3051 Mures
1885 3008 2084 3051 autem
2127 3014 2355 3053 araneos

152 3089 209 3139 et
234 3080 526 3151 accipitres
554 3076 613 3130 in
648 3074 799 3130 Buto
821 3075 1109 3150 oppidum
1132 3070 1430 3129 deducunt
1454 3088 1472 3127 ε
1517 3073 1621 3127 ibes
1644 3090 1804 3137 vere,
1822 3074 2117 3131 Mercurio
2143 3091 2357 3143 sacras,

154 3154 567 3229 Hermopolin.
640 3152 804 3211 Ursas
828 3166 1048 3219 autem,
1076 3169 1233 3209 raros
1263 3150 1395 3207 illos
1423 3149 1658 3224 quidem
1687 3151 1747 3207 in
1777 3150 2065 3227 AEgypto,
2091 3160 2151 3207 et
2179 3152 2360 3227 lupo-3,

152 3238 253 3309 qui
292 3232 579 3308 vulpibus
618 3230 775 3289 haud
800 3232 991 3287 multo
1032 3238 1175 3289 sunt
1214 3224 1490 3301 majores,
1534 3229 1618 3286 ibi
1661 3232 1976 3305 sepeliunt,
2005 3230 2110 3287 ubi
2135 3232 2360 3289 mortui

151 3315 539 3389 reperiuntur.

230 3396 324 3450 68.
371 3389 779 3448 Crocodilon-um
816 3398 1015 3445 autem
1060 3388 1187 3445 haec
1242 3395 1452 3446 natura
1495 3399 1600 3445 est.
1681 3388 1790 3444 Per
1829 3388 2082 3463 quinque
2123 3408 2358 3447 menses
2446 3428 2459 3438 ι

154 3473 412 3529 maxime
436 3470 719 3526 hibernos
758 3468 990 3525 nullum
1031 3466 1229 3523 cibum
1270 3467 1526 3539 capiunt.
1606 3466 1954 3540 Quadrupes
1991 3476 2101 3535 est,
2142 3476 2360 3529 terram
2465 3464 2482 3475 “

152 3552 369 3625 pariter
418 3557 480 3607 et
524 3564 739 3621 aquam
782 3546 1094 3606 habitans:
1137 3563 1251 3601 ova
1274 3546 1433 3601 enim
1471 3544 1623 3617 parit
1667 3546 2036 3619 excluditque
2080 3548 2140 3605 in
2188 3556 2360 3615 terra,

154 3640 213 3686 et
237 3626 531 3701 majorem
557 3626 675 3683 diei
698 3633 925 3699 partem
957 3624 1017 3679 in
1048 3624 1203 3679 sicco
1229 3636 1514 3689 versatur,
1545 3633 1724 3680 noctu
1748 3643 1888 3681 vero
1918 3626 1978 3681 in
2011 3622 2224 3683 fluvio:
2271 3634 2374 3699 est·

155 3709 310 3767 enim
336 3724 499 3782 aqua
524 3714 711 3761 noctu
736 3703 927 3777 magis
954 3702 1145 3759 calida
1169 3720 1346 3777 quam
1383 3720 1654 3759 serenum
1684 3704 1896 3759 coelum
1927 3712 1988 3761 et
2013 3723 2128 3761 ros.
2207 3704 2358 3761 Om-

155 3786 325 3845 nium
350 3803 517 3851 vero,
543 3800 679 3858 quae
706 3783 1009 3847 novimus,
1036 3779 1384 3839 animalium
1412 3781 1526 3836 boc
1552 3799 1626 3837 ex
1652 3782 1899 3839 minimo
1926 3784 1988 3838 fit
2016 3780 2362 3840 maximum.

157 3865 291 3923 Ova
314 3866 477 3923 enim
505 3862 665 3921 haud
690 3861 881 3917 multo
904 3854 1129 3931 majora
1155 3867 1297 3917 sunt
1334 3860 1643 3926 anseriniS,
1671 3869 1728 3917 et
1755 3861 2023 3919 exclusus
2050 3862 2228 3917 foetus
2253 3878 2362 3935 pro

158 3945 259 3999 ovi
288 3928 561 4018 portione
585 3965 603 4011 5
650 3947 732 4003 at,
761 3938 865 3997 ubi
892 3940 1315 4003 incrementum
1342 3940 1522 4012 cepit,
1551 3940 1817 4013 pervenit
1842 3940 1914 3997 ad
1942 3938 2360 4013 septemdecim

158 4021 495 4081 cubitorum
545 4016 1005 4095 longitudinem,
1054 4025 1115 4073 et
1167 4017 1343 4073 ultra.
1422 4016 1624 4078 Habet
1671 4028 1872 4075 antem
1924 4018 2125 4077 oculos
2177 4021 2362 4092 porci,

160 4100 364 4157 dentes
390 4116 533 4157 vero
556 4114 805 4172 magnos
832 4104 893 4153 et
918 4106 1197 4167 exsertos,
1224 4112 1333 4171 pro
1360 4096 1590 4153 ratione
1628 4088 2060 4171 magnitudinis
2085 4094 2362 4171 corpor-is.

160 4179 461 4257 Linguam
488 4186 705 4236 natura
732 4192 855 4235 non
881 4170 1081 4241 hahet,
1100 4191 1291 4231 unum
1309 4192 1385 4231 ex
1400 4174 1682 4233 omnibus
1701 4174 2130 4235 animantibus:
2179 4194 2364 4251 neque

918 4286 925 4293 ·
1237 4270 1278 4308 n
