2925 4992
859 633 1672 718 HERODOTI

480 771 2089 946 HlsToRIARUM

779 1100 1102 1166 LIBER
1163 1098 1749 1166 SECUNDUS.

983 1313 1556 1398 EUTERPE.

971 1549 1563 1591 *-

175 1760 224 1811 1.
271 1727 484 1812 VITA
529 1752 742 1810 functo
789 1752 966 1828 Cyro,
1007 1771 1259 1830 regnum
1317 1751 1574 1828 suscepit
1624 1751 1977 1824 Caunrsss,
2024 1749 2160 1828 Cyri
2212 1751 2366 1812 filius

169 1842 228 1890 et
249 1831 663 1897 Cassandanae,
678 1829 1032 1905 Pharnaspis
1061 1833 1234 1904 filiae3
1267 1849 1398 1906 quae
1413 1849 1598 1905 quum
1624 1839 1793 1888 antea
1816 1828 1941 1888 fato
1964 1840 2117 1888 esset
2140 1831 2365 1900 functa,

173 1911 187 1924 ⁶
343 1915 393 1969 -ti
417 1913 586 1968 luctu
610 1928 744 1967 eam
769 1913 956 1984 Cyrus
979 1919 1104 1967 erat
1129 1919 1541 1985 prosequutus,
1569 1918 1629 1968 et
1655 1911 1785 1966 aliis
1826 1909 2123 1978 omnibus,
2152 1911 2367 1986 quibus

171 1990 512 2064 imperabat,
539 1990 706 2048 luctu
729 2005 860 2045 eam
901 1990 1174 2064 prosequi
1212 1995 1582 2064 praeceperat.
1663 1984 1861 2060 Hujus
1902 1989 2083 2066 igitur
2104 1989 2367 2048 mulieris

171 2079 225 2124 et
253 2070 394 2142 Cyri
422 2069 580 2126 filius
607 2069 946 2141 Cambyses,
967 2085 1152 2140 quum
1181 2068 1357 2124 Ionas
1383 2075 1446 2126 et
1470 2067 1784 2126 AEolenses
1812 2085 1917 2142 pro
1938 2069 2114 2124 servis
2140 2087 2178 2124 a
2202 2077 2369 2142 patre

171 2149 422 2222 acceptis
451 2147 711 2212 haberet,
739 2147 1011 2203 adversus
1039 2146 1374 2222 AEgyptum
1395 2146 1834 2222 ‘expeditionem
1874 2147 2148 2221 suscepit,
2179 2163 2368 2220 quum

168 2227 312 2282 alios
341 2227 417 2284 ad
444 2226 510 2290 id
535 2225 754 2282 bellum
781 2225 1115 2282 faciendum
1143 2225 1382 2294 ducens,
1409 2225 1626 2299 quibus
1658 2225 2002 2300 imperabat,
2032 2233 2163 2283 tum
2190 2225 2365 2284 nimi-

173 2323 302 2362 rum
325 2315 392 2362 et
419 2305 660 2360 Graecos
687 2304 791 2378 qui
819 2305 1000 2377 ipsius
1029 2305 1302 2378 potestati
1327 2311 1493 2374 erant
1518 2298 1783 2374 subjecti.

243 2388 300 2440 2.
342 2383 678 2449 AEmrrrn,
707 2383 1042 2458 priusquam
1069 2383 1228 2456 apud
1253 2401 1352 2440 eos
1377 2399 1628 2460 regnum
1654 2382 2001 2440 obtinuisset
2026 2379 2367 2440 Psammiti-

170 2461 337 2530 chus,
369 2464 764 2534 antiqui-rmus
789 2479 902 2518 sese
925 2465 1161 2518 omnium
1194 2462 1464 2522 hominum
1492 2479 1603 2520 esse
1628 2460 2116 2518 existimaverant.
2195 2461 2368 2518 Post-

171 2557 348 2614 quam
371 2559 517 2597 vero
545 2537 1019 2608 Psammitiehus,
1045 2557 1291 2616 regnum
1325 2541 1592 2616 adeptus,
1622 2540 1812 2597 voluit
1838 2555 2208 2616 cognoscere,
2232 2541 2366 2614 qui·-

171 2635 310 2676 nam
347 2619 570 2676 fuerint
611 2618 788 2692 primi
827 2627 886 2676 et
927 2619 1334 2693 antiquissimi,
1366 2620 1442 2676 ab
1484 2619 1589 2675 ilio
1628 2626 1893 2694 tempore
1930 2617 2198 2694 Phrygas
2236 2635 2371 2676 sese

171 2699 390 2771 priores
419 2695 795 2763 arbitrantur,
825 2713 888 2755 se
921 2704 1122 2754 autem
1148 2699 1382 2772 reliquis
1409 2716 1507 2755 om
1516 2698 1701 2754 nibus.
1780 2697 2233 2754 Psammiticbus
2260 2713 2366 2754 au-

170 2785 308 2843 tem,
339 2793 529 2854 quum
556 2774 972 2853 perquisitione
1007 2777 1277 2834 instituta
1299 2777 1526 2848 nullum
1554 2777 1779 2868 effitum
1807 2772 1981 2847 hujus
2004 2777 2363 2851 quaestionis‚

171 2858 390 2927 quinam
431 2863 604 2911 essent
639 2857 808 2928 primi
847 2855 1138 2923 hominum,
1175 2856 1464 2930 potuisset
1503 2857 1774 2929 reperire,
1803 2855 1921 2912 tale
1954 2854 2238 2932 quiddam
2274 2863 2367 2914 est

170 2936 562 2991 machinatam.
639 2935 780 2992 Duo
806 2953 1014 3009 pueros
1042 2951 1240 2991 reeens
1263 2944 1428 2991 natos
1457 2951 1529 2992 ex
1555 2934 1794 2992 humilis
1821 2934 1993 2990 sortis
2030 2933 2367 3008 parentibus

170 3013 408 3070 tradidit
433 3011 673 3086 pastori,
703 3013 806 3086 qui
829 3031 928 3070 eos
954 3014 1108 3088 apud
1135 3029 1345 3090 greges
1372 3014 1479 3070 tali
1510 3012 1689 3072 modo
1716 3013 1911 3070 aleret.
1988 3011 2273 3086 Proecepit
2299 3019 2367 3068 ut

170 3104 348 3166 nemo
377 3109 578 3148 coram
605 3091 718 3147 inis
746 3109 952 3150 vocem
991 3092 1178 3149 ullam
1199 3092 1417 3160 ederet,
1441 3092 1544 3149 sed
1576 3087 1836 3170 jacerent
1858 3090 1922 3146 in
1946 3090 2209 3146 solitaria
2232 3107 2369 3149 casa

169 3171 434 3237 seorsim,
463 3175 526 3226 et
545 3165 722 3240 justis
741 3171 1110 3246 temporibus
1136 3189 1325 3246 caprae
1350 3171 1422 3228 ad
1447 3187 1546 3228 eos
1574 3169 2033 3227 adducerentur:
2075 3167 2182 3225 ubi
2214 3168 2368 3226 lacte

169 3250 388 3324 expleti
425 3249 643 3315 forent,
671 3247 785 3305 alia
823 3251 1029 3306 omnia
1067 3257 1268 3324 pastor
1305 3257 1523 3327 ageret.
1603 3249 1661 3307 H
1668 3267 1749 3306 ωε
1792 3247 1935 3304 fecit
1972 3247 2366 3322 praecepitque

167 3327 646 3394 Psammitichus,
671 3329 912 3402 cupiens
951 3345 1321 3404 cognoscere,
1351 3347 1666 3404 quamnam
1701 3322 1834 3402 pbst
1858 3325 2136 3383 obscuros
2163 3325 2365 3384 infan-

170 3414 298 3464 tum
319 3407 561 3482 vagitus
599 3407 850 3482 primam
876 3424 1080 3464 vocem
1093 3416 1299 3466 aessent
1323 3409 1553 3466 edituri.
1632 3409 1823 3480 Atque
1846 3405 1901 3462 id
1931 3405 2109 3462 etiam
2138 3405 2364 3464 factum

169 3492 272 3542 est.
331 3479 516 3542 ‘Nam
553 3491 866 3560 postquam
893 3503 996 3560 per
1021 3485 1166 3544 duos
1191 3488 1500 3544 continuos
1536 3503 1726 3544 annos
1750 3483 2030 3543 mandata
2056 3493 2364 3543 exsecutus
2418 3555 2423 3560 α

168 3572 290 3621 erat
311 3573 534 3640 pastor,
563 3566 842 3637 aperienti
874 3563 1121 3635 januam
1161 3566 1525 3640 intrantique
1550 3565 1891 3621 adlabentes
1917 3564 2095 3620 ambo
2134 3565 2366 3641 pueruli

170 3643 321 3700 ὅπου·
343 3642 698 3714 clamabant,
723 3661 1046 3719 manusque
1069 3645 1468 3719 porrigebant.
1550 3643 1723 3706 Quod
1748 3649 1947 3716 pastor
1970 3643 2230 3716 primum
2260 3659 2364 3699 au·

169 3721 362 3796 diens,
391 3723 613 3796 tacuit:
659 3723 782 3789 sed,
812 3740 998 3799 quum
1034 3721 1291 3796 crebrius
1315 3723 1557 3800 adeunti
1596 3739 1921 3798 puerosque
1952 3723 2183 3778 curanti
2208 3722 2365 3777 idem

169 3819 400 3876 semper
433 3801 685 3857 verbum
719 3809 1098 3877 repeteretur,
1131 3803 1216 3859 ita
1249 3803 1490 3859 demum
1530 3799 1880 3879 significavit
1924 3801 2085 3867 hero,
2121 3799 2365 3872 eiusque

160 3875 330 3950 jussu
375 3897 592 3955 pueros
627 3881 693 3936 in
721 3887 1100 3956 conspectum
1131 3877 1260 3954 ejus
1299 3882 1593 3956 produxit.
1669 3879 1846 3942 Quod
1886 3879 1991 3935 ubi
2034 3880 2159 3952 ipse
2184 3879 2363 3935 etiarn

169 3959 626 4017 Psammiticbus
661 3960 962 4034 cognovit,
991 3960 1315 4017 sciscitatus
1342 3969 1450 4027 est,
1480 3961 1725 4035 quinam
1765 3953 2079 4014 hominum
2118 3955 2231 4012 hoc
2258 3973 2363 4014 vo-

170 4038 378 4096 cabulo
408 4033 734 4104 uterentur,
763 4035 978 4112 quidve
1011 4057 1084 4096 eo
1125 4038 1541 4115 indigitarent:
1586 4047 1647 4096 et
1670 4035 2021 4096 sciscitando
2060 4037 2361 4110 comperit,

171 4116 322 4190 apud
362 4117 632 4194 Phrygas
670 4135 741 4172 eo
778 4117 1068 4194 vocabulo
1102 4136 1300 4192 panem
1337 4115 1670 4194 significari.
1748 4115 1841 4172 Ita
1866 4111 2149 4190 AEg-yptii,
2179 4133 2253 4181 ex.
2290 4133 2389 4174 eo

171 4195 346 4254 ducto
369 4202 750 4274 argumento,
779 4195 1107 4272 Phrygibus
1133 4213 1486 4266 concessere,
1514 4215 1626 4256 esse
1647 4197 1773 4253 illos
1798 4211 1853 4250 se
1878 4195 2220 4268 antiquiores.
