2925 4992
1038 346 1403 409 THALIA.
2209 342 2325 409 157

156 514 315 582 parte.
396 507 509 566 Sed
548 508 901 603 procedente
940 514 1203 582 tempore
1232 510 1410 565 etiam
1440 498 1598 563 aliud
1626 490 1682 564 ei
1709 508 1996 566 tributum
2023 522 2101 563 ex
2130 506 2338 565 insulis

157 588 323 655 rediit,
348 580 406 645 e't
430 589 505 645 ab
547 590 634 645 his
658 590 757 662 qui
788 587 1089 661 Europam
1128 585 1394 644 incolunt
1420 603 1609 661 usque
1637 588 1710 644 ad
1735 587 2121 645 Thessaliam.
2205 588 2341 645 Hoc

158 668 419 723 tributum
450 667 553 723 tali
585 668 763 723 modo
790 684 890 722 rex
909 667 971 721 in
998 666 1288 722 thesauris
1316 666 1597 722 recondit.
1679 666 2098 741 Liquefactum
2127 666 2340 722 metal-

158 745 345 801 lumin
368 745 529 801 dolia
556 743 758 801 fictilia
782 744 1063 809 infundit,
1092 752 1151 800 et
1181 746 1401 817 repleto
1428 762 1570 799 vase
1597 744 1824 821 frangit
1853 754 2086 801 testam.
2160 744 2340 811 Dein,

158 825 363 899 quando
414 825 659 897 pecunia
688 824 978 933 indigeat,
1006 825 1377 881 tantumdem
1426 824 1761 880 cudendum
1810 832 1998 893 curat,
2045 832 2340 895 quantum

160 920 275 959 usus
300 902 574 978 postulat.

224 984 306 1038 9⁷.
348 982 463 1037 Hae
494 983 675 1055 igitur
700 990 839 1053 sunt
864 981 1249 1057 praefecturae,
1278 988 1336 1037 et
1366 982 1696 1037 taxationes
1739 938 2116 1038 tributorum.
2199 982 2342 1040 Per

160 1060 317 1117 sidem
333 1078 472 1116 vero
500 1062 800 1134 regionem
822 1061 1042 1116 solam
1026 1078 1088 1115 ιιι
1114 1060 1553 1116 tributariamm
1577 1078 1825 1116 numero
1849 1078 1966 1116 non
1995 1060 2334 1119 nominavi·
2317 1106 2336 1135 ‚

160 1139 287 1195 hane
310 1141 472 1195 enim
501 1158 536 1194 a
565 1140 843 1194 tributis
826 1156 1159 1195 immunem
1192 1138 1455 1195 incolunt
1487 1140 1691 1194 Persae.
1771 1138 1956 1195 Porro
1995 1140 2343 1213 impositum

160 1219 367 1289 quidem
394 1219 685 1273 tributum
720 1234 836 1273 non
880 1217 1240 1292 pendebant,
1272 1218 1369 1273 sed
1412 1220 1555 1272 dona
1582 1216 1842 1287 ferebant
1879 1218 1957 1273 hi.
2039 1214 2344 1294 AEthiopes

156 1296 395 1371 AEgypto
446 1297 815 1361 contermini,
858 1313 1005 1370 quos
1058 1296 1398 1371 CambyseS,
1442 1314 1628 1371 quum
1683 1296 1959 1352 adversus
2003 1296 2342 1355 Macrobios

158 1374 443 1448 AEthiopas
471 1394 637 1431 arma
663 1375 863 1441 ferret,
892 1374 1128 1449 subegit
1155 1399 1171 1444 3
1217 1376 1316 1448 qui
1346 1377 1499 1431 circa
1538 1392 1759 1430 sacram
1791 1374 2014 1448 Nysam
2043 1376 2340 1447 habitant,

156 1462 205 1507 et
224 1452 449 1510 Baccho
476 1454 604 1510 dies
630 1454 814 1510 festos
855 1454 1170 1510 celebrant.
1252 1452 1336 1509 Hi
1367 1454 1701 1527 AEthiopeS,
1729 1461 1790 1510 et
1831 1455 2040 1510 horum
2085 1454 2342 1522 finitimi,

161 1534 357 1589 semine
394 1541 655 1589 utuntur
694 1532 901 1589 eodem
945 1550 1063 1607 quo
1106 1532 1392 1601 Calantiae
1434 1532 1593 1598 Indi,
1639 1532 1846 1599 domos
1888 1542 2088 1588 autem
2132 1534 2346 1591 habent

161 1610 561 1668 subterraneas:
644 1610 729 1667 Hi
760 1612 933 1667 simul
967 1610 1141 1667 ambo
1172 1608 1346 1665 tertio
1372 1612 1605 1684 quoque
1644 1628 1801 1665 anno
1847 1612 2214 1677 adferebant,
2245 1614 2348 1669 ad·

160 1689 441 1764 feruntque
470 1688 655 1746 etiam
684 1690 773 1745 ad
784 1706 975 1747 meam
1004 1706 1195 1763 usque
1224 1696 1484 1755 aetatem,
1517 1691 1635 1745 duo
1663 1690 1952 1745 cboenices
1982 1691 2108 1745 auri
2147 1684 2346 1766 ignem

161 1784 255 1824 non
279 1770 516 1843 experti,
545 1779 606 1825 et
628 1769 913 1825 ducentos
942 1778 1176 1824 truncos
1206 1768 1397 1833 ebeni,
1418 1777 1478 1824 et
1500 1768 1762 1842 quinque
1786 1784 1993 1841 pueros
2011 1768 2346 1843 AEthiopes,

160 1854 208 1902 et
230 1848 425 1923 viginti
452 1865 712 1922 magnos
740 1848 941 1903 dentes
968 1846 1432 1919 elephantorum.
1519 1846 1728 1903 Colchi
1753 1864 1893 1904 vero
1927 1850 2083 1920 pacti
2111 1858 2248 1905 sunt
2274 1850 2347 1906 de

160 1924 289 1981 dono
312 1926 580 1990 ferend0,
611 1935 669 1982 et
696 1926 903 1982 horum
932 1926 1173 1981 finitimi
1199 1928 1384 1999 nsque
1416 1926 1489 1981 ad
1513 1928 1845 1982 Caucasum
1873 1932 2174 1984 montem:
2207 1946 2346 1987 nam

161 2020 319 2077 usque
340 2006 411 2061 ad
442 2006 605 2061 bunc
638 2013 900 2061 montem
946 2000 1194 2078 pertinet
1218 2004 1534 2060 Persarum
1577 2004 1931 2078 imperium3
1978 2006 2078 2081 qui
2105 2024 2246 2063 vero
2274 2006 2348 2063 ad
2397 2046 2412 2060 .

161 2085 615 2156 septemtrionem
644 2092 782 2139 sunt
810 2084 1080 2148 Caucasi,
1114 2084 1173 2139 hi
1202 2080 1284 2139 nil
1309 2082 1566 2157 ampiius
1595 2092 1804 2140 curant
1834 2084 2052 2140 Persas.
2116 2084 2244 2143 Hi
2219 2086 2342 2179 Jgi·

162 2168 241 2216 tur
264 2162 428 2231 dona,
458 2164 534 2218 de
564 2164 777 2236 quibus
812 2164 964 2235 pacti
989 2170 1147 2228 sunt,
1177 2163 1248 2217 ad
1291 2179 1489 2217 meam
1532 2180 1718 2237 usque
1759 2165 2108 2219 memoriam
2136 2166 2349 2238 quinto

163 2256 364 2313 quoque
416 2258 575 2297 anno
620 2241 983 2309 adferebant,
1030 2248 1313 2296 centenos
1362 2258 1598 2314 puerOS‚
1641 2238 2014 2315 virginesque
2056 2252 2350 2300 centenas·

165 2318 352 2376 Arabes
394 2338 541 2377 vero
590 2320 815 2394 [At-abii
858 2321 1132 2375 dicuntur
1166 2318 1419 2391 Nostro]
1451 2320 1760 2393 quotannis
1803 2318 1967 2375 mille
2006 2320 2348 2379 adferebant

166 2398 321 2455 thuris
348 2400 590 2457 talenta.
663 2398 809 2455 Haec
834 2400 1274 2472 igitur,‘praeter
1297 2398 1610 2471 tributum,
1639 2398 1792 2455 dona
1819 2398 1882 2453 hi
1909 2400 2033 2474 regi
2063 2398 2350 2459 ferebant.

224 2480 311 2535 93.
349 2482 493 2534 Auri
538 2487 739 2534 autem
790 2478 1019 2551 copiam
1062 2474 1247 2542 illam,
1276 2494 1347 2532 ex
1388 2493 1507 2550 qna
1547 2478 1674 2553 regi
1714 2484 2002 2543 ramenta,
2033 2494 2166 2554 quae
2206 2478 2350 2547 dixi,

166 2554 412 2613 adferunt
451 2557 612 2623 Indi,
643 2556 745 2612 tali
784 2558 963 2612 modo
1008 2556 1439 2612 nanciscuntur.
1519 2558 1672 2623 Quae
1711 2564 1866 2612 terra
1907 2556 2042 2613 inde
2079 2556 2154 2614 ab
2179 2554 2354 2616 India

166 2650 338 2691 versus
376 2637 669 2692 orientem
700 2636 885 2691 solem
925 2634 1269 2709 porrigitur,
1299 2651 1368 2690 ea
1406 2650 1647 2709 prorsus
1689 2634 1964 2691 sabulosa
2003 2644 2110 2693 est.
2190 2634 2350 2695 Nam

171 2727 365 2783 eorum,
396 2730 551 2790 quos
594 2732 701 2769 nos
746 2716 1046 2780 novimus,
1082 2712 1462 2787 ‘populun-um,
1493 2714 1566 2770 de
1603 2714 1816 2787 quibus
1860 2716 2004 2771 certi
2050 2714 2352 2790 quidpiam

170 2792 407 2861 traditur,
440 2795 621 2879 primi
649 2810 851 2859 versus
888 2794 1173 2848 orientem
1214 2792 1398 2847 solem
1429 2792 1564 2849 Indi
1607 2803 1779 2848 sunt:
1823 2802 1955 2866 post
1983 2793 2165 2851 Indos
2193 2796 2354 2855 enim

167 2870 423 2929 orientem
444 2890 483 2927 v
484 2874 655 2929 ersus
678 2870 903 2928 deserta
928 2879 1081 2928 terra
1100 2879 1187 2927 est
1216 2878 1451 2943 propter
1474 2872 1766 2927 sabulum.
1811 2875 1962 2927 Sunt
1989 2882 2189 2929 autem
2215 2875 2350 2948 plu-

170 2962 242 3003 res
266 2950 519 3007 Indorum
548 2951 759 3023 populi,
782 2949 1025 3007 diversis
1055 2950 1275 3027 linguis
1302 2958 1550 3007 utentes,
1597 2950 1674 3004 Et
1703 2966 1908 3006 eorum
1937 2950 2038 3005 alii
2069 2952 2349 3011 nomades

171 3034 316 3100 sunt3
346 3032 445 3086 alii
470 3047 597 3087 non
627 3039 781 3086 sunt.
826 3031 971 3086 Sunt
998 3030 1175 3084 etiam
1207 3028 1308 3103 qui
1334 3029 1393 3083 in
1422 3026 1740 3102 paludibus
1765 3028 2036 3084 habitant
2064 3026 2350 3100 fluminiS,

168 3118 577 3183 vescunturque
614 3108 810 3165 crudis
850 3106 1148 3181 piscibus,
1195 3122 1343 3181 quos
1384 3108 1646 3180 capiunt,
1675 3106 1931 3182 navigiis
1958 3124 2031 3164 ex
2056 3108 2352 3166 arundine

170 3186 419 3244 confectis
460 3191 861 3244 insectantes.
906 3151 1204 3261 quodlibet
1248 3186 1556 3263 navigium
1589 3203 1661 3241 ex
1693 3202 1815 3273 uno
1844 3202 2008 3260 genu
2053 3186 2354 3261 arundinis

166 3264 533 3323 confectum.-
585 3264 671 3322 Hi
714 3263 839 3321 Indi
883 3272 1109 3321 vestem
1146 3270 1386 3339 gestant
1424 3282 1498 3319 ex
1529 3263 1753 3337 scirpo3
1783 3263 2005 3337 quani,
2039 3273 2352 3341 postquam

170 3341 398 3416 scirpum
440 3343 719 3421 (pateam)
766 3362 799 3401 e
848 3343 1094 3399 flumine
1142 3340 1583 3399 demessuerunt
1630 3339 2046 3417 tuderuntque,
2087 3345 2357 3420 plectunt

172 3417 401 3479 deinde
385 3442 444 3479 ιιι
470 3432 684 3481 storeae
708 3423 974 3487 modum,
1006 3434 1073 3480 et
1090 3430 1393 3496 tamquam
1424 3422 1724 3477 thoracem
1753 3422 2021 3478 induunt.

238 3505 322 3558 99.
359 3504 475 3560 Alii
504 3520 582 3557 ex
610 3502 788 3567 lndis,
818 3502 907 3557 his
936 3502 1009 3557 ab
1036 3502 1262 3557 oriente
1292 3500 1643 3566 habitanteS,
1661 3501 1939 3557 nomades
1966 3508 2144 3572 sunt3
2177 3502 2359 3559 cruda
2403 3530 2414 3541 ·

174 3592 329 3635 carne
350 3588 675 3647 vescentes,
704 3582 806 3656 qui
836 3578 1023 3636 Padaei
1048 3586 1351 3636 vocantur.
1432 3578 1726 3635 institutis
1765 3579 1827 3634 hi
1869 3587 2118 3637 utuntur
2153 3577 2357 3652 hujus-

172 3657 327 3713 modi.
405 3660 670 3721 Quando
700 3660 833 3733 quis
874 3658 1083 3715 morbo
1124 3658 1352 3715 laborat
1392 3655 1637 3724 civium,
1669 3658 1792 3714 sive
1826 3656 2062 3725 mulier,
2093 3658 2215 3714 sive
2242 3659 2354 3724 vir;

172 3738 298 3791 tune
320 3737 514 3796 ¹virum
538 3738 649 3794 viri
675 3739 931 3793 maxime
956 3736 1273 3793 familiares
1296 3736 1590 3801 occidunt,
1607 3735 1885 3805 dicenteS,
1905 3738 1954 3793 si
1979 3736 2208 3793 morbo
2217 3754 2356 3792 con-

174 3825 496 3883 sumeretur,
526 3834 763 3874 carnem
791 3817 933 3889 ipsis
960 3824 1301 3889 corruptum
1330 3814 1412 3870 iri.
1494 3814 1570 3871 At
1595 3812 1696 3871 ille
1723 3820 1902 3890 neg'at
1939 3832 2002 3871 se
2027 3821 2350 3890 aegrotare3

174 3888 227 3945 hi
250 3910 399 3963 vero,
427 3914 550 3952 non
580 3892 999 3961 adsentienteS,
1027 3894 1388 3950 interficiunt
1414 3910 1554 3948 eum
1582 3892 2028 3968 epulanturque.
2101 3892 2357 3953 Quando

174 3971 367 4029 mulier
389 3984 660 4051 aegmtat,
690 3974 961 4030 similiter
984 3972 1259 4029 mulieres
1296 3970 1557 4028 maxime
1581 3972 1922 4028 necessariae
1950 3972 2104 4027 idem
2131 3956 2358 4029 faciunt

178 4050 313 4118 quod
334 4053 471 4111 viris
496 4054 627 4111 viri.
680 4054 838 4109 Nam
864 4058 944 4118 et,
971 4052 1075 4125 qui
1102 4052 1173 4107 ad
1202 4056 1560 4108 senectutem
1587 4051 1878 4124 pervenit,
1909 4066 2047 4105 eum
2075 4058 2356 4123 mactant,

176 4140 431 4205 carneque
454 4131 583 4203 ejus
606 4135 966 4189 vescunturz·
999 4130 1150 4187 haud
1182 4130 1357 4187 multi
1382 4130 1579 4186 autem
1611 4128 1848 4184 illorum
1868 4146 1937 4185 eo
1968 4130 2351 4203 perveniunt3

177 4218 298 4263 nam
321 4217 490 4268 autea
516 4226 953 4287 quemcumque
978 4209 1189 4273 morbo
1216 4208 1472 4288 quodam
1504 4215 1838 4283 correptum
1865 4206 2247 4267 interficiunt.
