2925 4992
512 315 596 384 ⁷⁴
1073 299 1573 374 nationem
1636 309 2001 382 ms‘roR.
2064 313 2147 373 11.

524 489 666 544 vero
693 471 976 548 paulatim
1013 473 1216 528 versus
1255 470 1540 529 inferiora
1576 470 1957 531 descendisse.
2031 469 2199 532 Olim
2232 467 2423 544 igitur
2444 466 2739 538 Thebais,

527 551 820 630 AEgyptus
858 550 1304 622 nominabatur3
1349 549 1523 621 cujus
1548 559 1639 608 est
1664 551 1943 609 circuitus
1968 551 2157 608 sexies
2192 548 2358 608 mille
2392 555 2643 610 eentum
2668 556 2745 606 et

525 633 584 689 vi
633 632 742 687 inti
765 630 1110 688 stadiorum.

585 649 702 766 g16.
742 708 918 770 Quod
947 707 1208 784 eiigitur
1233 724 1342 763 nos
1369 715 1525 764 recte
1550 707 1623 764 de
1648 708 1740 766 his
1766 708 2108 774 statuimus,
2125 705 2302 764 Iones
2328 724 2451 766 non
2477 713 2637 766 recte
2656 707 2745 764 de

533 787 800 865 AEgypto
855 787 1130 844 sentiunt.
1211 786 1314 842 Sin
1359 803 1500 844 vera
1550 793 1640 842 est
1691 787 1913 846 Ionum
1964 787 2267 856 sententia,
2312 785 2745 846 demonstrabo

530 869 824 944 squidem,
855 866 1092 922 Graecos
1117 871 1179 921 et
1203 865 1362 939 ipsos
1385 865 1561 937 Ionas
1590 867 1813 923 nescire
1834 873 2177 940 computare
2198 883 2491 922 numeros.
2570 865 2745 924 Nam

529 963 714 1020 quum
753 953 870 1002 tres
897 960 1026 1002 esse
1054 943 1250 1000 dicant
1287 945 1581 1000 universae
1619 951 1789 1000 terrae
1829 953 2041 1018 partes,
2068 944 2393 1018 Europam,
2424 944 2645 1012 Asiam,
2676 951 2750 1002 et

527 1025 782 1102 Libyam
803 1049 820 1095 3
867 1023 1174 1098 oportebat
1199 1039 1342 1078 sane
1367 1023 1462 1080 his
1488 1032 1757 1098 quartam
1786 1024 2193 1089 adnumerare,
2212 1023 2391 1080 Delta
2414 1022 2745 1098 AEgypn'a-

530 1119 708 1174 cum,
757 1103 810 1158 si
833 1101 1070 1176 quidem
1101 1105 1197 1176 (ut
1223 1101 1398 1158 iidem
1427 1103 1492 1168 hi
1516 1102 1713 1175 aiunt)
1746 1119 1853 1158 nec
1876 1102 2031 1158 Asiae
2062 1101 2211 1158 illud
2236 1109 2349 1167 est,
2378 1119 2485 1158 nec
2510 1101 2747 1176 Libye.

529 1181 712 1247 Nam,
739 1181 1059 1238 secundum
1101 1181 1252 1236 hane
1287 1181 1493 1252 utique
1534 1181 1847 1247 rationem,
1878 1197 1997 1238 non
2024 1180 2199 1237 Nilus
2224 1188 2314 1237 est
2339 1179 2443 1254 qui
2466 1180 2675 1238 Asiam
2702 1198 2746 1236 a

530 1259 724 1335 Libya
761 1260 1128 1338 disterminat
1143 1276 1164 1314 ε
1203 1259 1326 1324 sed,
1353 1277 1543 1332 quum
1580 1259 1733 1316 eirca
1770 1259 1999 1333 apicem
2040 1254 2219 1329 hujus
2260 1259 2444 1316 Delta
2482 1259 2546 1316 in
2586 1257 2751 1319 duas

529 1346 725 1414 partes
763 1337 1074 1412 frangatur
1110 1335 1306 1401 Nilus,
1333 1347 1699 1411 consequens
1738 1347 1829 1394 est
1866 1347 1935 1394 ut
1972 1338 2127 1394 inter
2150 1338 2351 1396 Asiam
2388 1343 2451 1394 et
2478 1336 2747 1413 Libyam

532 1417 793 1476 medium
823 1418 1000 1475 Delta
1027 1416 1104 1472 sit
1130 1411 1519 1486 interjectum.

617 1501 708 1560 17.
755 1496 862 1552 Sed
908 1496 1124 1552 lonum
1164 1496 1513 1552 omittamus
1554 1496 1928 1571 opinionemz
1972 1511 2079 1552 nos
2106 1511 2247 1550 vero
2272 1493 2345 1552 de
2382 1493 2477 1550 his
2506 1493 2592 1552 ita
2618 1499 2749 1554 sta-

531 1575 775 1632 tuimus.
853 1575 1190 1648 AEgyptum
1239 1569 1491 1632 dicimus
1542 1593 1667 1632 esse
1718 1576 2054 1632 universam
2104 1574 2257 1630 hanc
2308 1573 2609 1648 regionem
2660 1572 2747 1631 ab

531 1653 836 1730 AEgyptiis
875 1653 1222 1720 habitatam,
1251 1653 1751 1727 quemadmodum
1790 1655 2057 1710 Ciliciam
2098 1669 2236 1726 quae
2272 1669 2309 1708 a
2342 1651 2653 1718 Cilicibus,
2680 1660 2749 1708 et

532 1734 828 1809 Assyriam
857 1749 988 1806 quae
1019 1730 1094 1787 ab
1119 1732 1386 1806 Assyriis,
1468 1732 1755 1790 Limitem
1792 1751 1933 1790 vero
1970 1731 2071 1806 qui
2112 1731 2309 1787 Asiam
2338 1749 2375 1786 a
2401 1729 2592 1802 Libya
2617 1729 2748 1788 dis-

535 1813 838 1876 terminet,
881 1819 1100 1867 reetam
1141 1811 1191 1865 si
1233 1827 1551 1884 sequamur
1594 1813 1901 1880 rationem,
1935 1811 2171 1867 nullum
2210 1809 2395 1866 alium
2435 1808 2749 1875 novimus,

537 1891 654 1948 nisi
692 1889 1112 1964 AEgyptiorum
1153 1889 1320 1945 fines.
1399 1891 1501 1945 Sin
1544 1908 1615 1946 ea
1652 1891 1881 1947 ratione
1918 1898 2178 1955 utamur,
2206 1905 2387 1962 quam
2428 1887 2621 1944 Graeci
2648 1904 2749 1944 se-

535 1976 762 2044 quuntu
769 1985 817 2033 r,
833 1974 1158 2023 stamemus
1176 1967 1511 2042 AEgyptum
1526 1970 1881 2035 universam,
1899 1969 2135 2026 initium
2148 1974 2481 2026 sumentem
2504 1985 2543 2023 a
2556 1966 2747 2025 Cata-

536 2048 708 2121 dupis
749 2053 813 2108 et
850 2045 1248 2120 Elephantine
1291 2046 1532 2120 oppido,
1565 2048 1627 2104 in
1664 2049 1812 2104 duas
1852 2043 2035 2104 secari
2075 2056 2291 2119 partes,
2320 2053 2383 2102 et
2422 2054 2749 2120 utrumque

536 2141 760 2184 nomen
783 2124 1164 2198 participare3
1210 2123 1452 2180 alteram
1478 2127 1638 2182 enim
1664 2123 1791 2198 ejus
1829 2134 2057 2200 partem
2080 2125 2295 2182 Africae
2318 2141 2465 2190 esse,
2492 2123 2747 2184 alteram

537 2205 708 2264 Asiae.
786 2204 961 2260 Nilus
1001 2203 1185 2269 enim,
1215 2211 1527 2278 postquam
1556 2205 1629 2262 ad
1659 2205 1967 2280 Catadupa
1987 2204 2321 2280 AEgyptum
2363 2203 2625 2276 primum
2652 2204 2748 2262 in.-

536 2284 736 2349 travit,
764 2283 1021 2340 mediam
1047 2282 1212 2340 illam
1239 2281 1503 2340 dividens
1528 2281 1657 2340 fluit
1684 2284 1747 2340 in
1776 2301 1956 2341 mare.
2021 2283 2227 2356 Usque
2252 2281 2327 2338 ad
2355 2282 2751 2340 Cercasorum

476 2365 490 2390 ‘¹
539 2363 724 2438 igitur
750 2362 1031 2435 oppidum
1062 2361 1300 2416 nonnisi
1323 2379 1448 2418 uno
1474 2363 1643 2419 alveo
1668 2359 1836 2420 fluit=
1880 2363 1957 2418 ab
1982 2362 2093 2419 hoc
2118 2378 2259 2418 vero
2284 2361 2501 2435 oppido
2526 2367 2647 2418 tres
2674 2360 2749 2418 in

539 2443 668 2498 vias
707 2440 1010 2506 scinditur,
1029 2456 1284 2512 ,quarum
1324 2457 1448 2514 una
1470 2439 1761 2498 orientem
1792 2459 1995 2503 versus
2034 2440 2247 2506 tendit,
2274 2440 2431 2514 quod
2458 2439 2753 2498 Pelusium

541 2523 737 2578 ostium
778 2526 1054 2586 vocatum
1105 2519 1288 2574 altera
1327 2519 1425 2574 via
1459 2521 1823 2576 occidentem
1862 2537 2065 2578 versus
2104 2519 2371 2586 tendens,
2414 2519 2751 2578 Canobieum

543 2600 887 2656 nominatur
907 2599 1120 2652 ostium.
1179 2598 1334 2659 Quae
1357 2605 1557 2654 autem
1586 2599 1711 2654 Nili
1736 2595 1833 2655 via
1860 2606 2018 2656 reeta
2043 2598 2439 2674 progreditur,
2466 2599 2593 2654 haee
2620 2604 2745 2656 est:

545 2684 860 2753 postquam
889 2693 922 2731 e
949 2675 1244 2748 superiore
1284 2677 1521 2750 regione
1545 2676 1796 2743 delatus,
1824 2678 1899 2734 ad
1938 2678 2164 2751 apicem
2208 2677 2367 2734 illius
2406 2676 2587 2756 Delta
2612 2693 2749 2751 per-

546 2755 730 2820 venit,
757 2755 896 2810 inde
934 2751 1194 2810 medium
1237 2751 1416 2811 Delta
1453 2755 1724 2812 scindens
1764 2756 1825 2812 i'n
1858 2774 2021 2813 mare
2058 2755 2245 2812 undas
2272 2761 2409 2812 suas
2434 2764 2747 2824 exonerat,

545 2851 655 2892 nec
679 2833 984 2890 minimam
1003 2849 1286 2905 aquarum
1305 2834 1666 2905 portionem,
1696 2852 1805 2892 nec
1820 2832 2067 2892 minime
2096 2835 2445 2901 notabilem,
2468 2835 2609 2892 huic
2634 2835 2751 2892 viae

545 2912 851 2970 tribuens:
895 2929 1024 2985 quae
1050 2911 1462 2984 Sebennyticum
1502 2913 1697 2968 ostium
1732 2920 1991 2971 vocatur.
2070 2913 2219 2970 Sunt
2241 2931 2381 2970 vero
2420 2913 2601 2970 etiam
2625 2913 2749 2973 duo

547 2992 666 3049 alia
689 2991 840 3050 ostia
865 3008 900 3044 a
925 2989 1314 3064 Sebennytico
1331 2991 1603 3058 diremta,
1628 3000 1689 3048 et
1704 3010 1806 3066 per
1828 3011 1891 3050 se
1913 2993 1977 3050 in
1992 3010 2155 3049 mare
2175 2993 2475 3059 exeuntia,
2492 3009 2749 3067 quorum

546 3070 795 3142 alterum
815 3068 1120 3134 Saiticum,
1151 3069 1399 3125 alterum
1421 3070 1769 3128 nominatur
1782 3071 2173 3128 Mendesium.
2216 3071 2587 3130 Bolbitinum
2606 3087 2751 3128 vero

541 3148 764 3207 ostium
791 3156 850 3204 et
879 3147 1244 3216 Bucolicum,
1273 3165 1391 3205 non
1423 3149 1631 3204 nativa
1658 3156 1793 3206 sunt
1820 3150 1989 3216 ostia,
2017 3150 2119 3212 sed
2146 3167 2327 3208 manu
2348 3150 2575 3207 effossa.

629 3231 722 3282 18.
763 3225 1162 3282 Confirmatur
1209 3233 1408 3283 autem
1451 3245 1589 3282 mea
1632 3229 1935 3296 sententia,
1968 3236 2195 3286 tantam
2242 3247 2371 3286 esse
2408 3228 2750 3305 AEgyptum

547 3312 979 3440 ffi‘ffissi?
1005 3305 1639 3458 ‘2223033333‘222‘
1647 3306 2753 3461 ’tzffi‘zssssffiqmd-Assffisszx

980 3405 996 3452 3
2130 3407 2199 3446 00
2326 3431 2335 3438 ·
2386 3427 2407 3454 5

549 3477 748 3519 meam
789 3459 860 3516 de
882 3459 1150 3536 AEgypto
1189 3463 1535 3520 sententiam
1574 3481 1809 3522 mecum
1842 3461 1971 3536 jam
1996 3405 2377 3524 eonstitffim
2410 3466 2752 3524 habueram.

549 3539 786 3596 Scilicet
809 3538 1030 3595 Mareae
1052 3539 1252 3613 oppidi
1277 3549 1336 3597 et
1357 3541 1559 3614 Apidis
1584 3541 1814 3611 incola-2,
1836 3561 2089 3618 quorum
2116 3561 2257 3619 ager
2274 3543 2485 3619 Libyae
2500 3549 2593 3602 est
2610 3561 2752 3601 con-

549 3617 709 3684 finis,
752 3614 865 3690 ipsi
907 3635 1034 3674 sese
1077 3618 1292 3694 Libyes
1345 3620 1749 3678 existimantes
1792 3639 1941 3690 esse,
1988 3643 2108 3680 non
2150 3624 2511 3700 AEgyptios3
2562 3639 2751 3697 quum

551 3713 710 3774 aegre
749 3697 974 3752 ferrent
1009 3698 1370 3754 caerimonias
1417 3713 1715 3756 sacrorum
1756 3719 1891 3776 quae
1910 3745 1915 3750 .
1932 3703 1995 3759 in
2034 3701 2295 3779 AEgypto
2334 3702 2751 3768 observantur,

551 3783 952 3850 cuperentque
977 3793 1096 3832 non
1131 3777 1425 3850 prohiberi
1463 3796 1571 3834 esu
1611 3779 1791 3837 boum
1830 3781 2246 3852 foeminarum3
2290 3781 2365 3837 ad
2392 3780 2753 3838 Ammonem

551 3855 871 3921 miserunt,
901 3853 1177 3920 dicentes,
1207 3861 1255 3888 “
1283 3856 1397 3912 sibi
1421 3857 1570 3913 nihil
1596 3873 1729 3914 cum
1760 3859 2059 3935 AEgyptiis
2082 3877 2209 3920 esse
2230 3877 2597 3928 ,commune3
2644 3859 2750 3915 ha-

553 3939 600 3968 “
626 3933 814 3991 bitare
839 3933 997 3990 enim
1013 3941 1176 3990 extra
1191 3934 1389 4001 Delta,
1411 3953 1523 3992 nec
1548 3937 1661 3992 sibi
1684 3953 1823 3994 cum
1848 3939 1965 3994 illis
1984 3940 2317 4006 convenire,
2342 3938 2753 4012 posmlaraque

555 4016 600 4046 “
623 4019 698 4068 ut
721 4011 844 4068 sibi·
871 4010 1046 4069 liceat
1085 4011 1246 4069 omni
1285 4029 1505 4088 genere
1542 4016 1809 4072 carnium
1846 4018 2055 4077 veseis·
2136 4019 2275 4076 Hoc
2302 4035 2443 4074 vero
2476 4033 2581 4074 eos
2608 4016 2751 4074 deus

553 4091 744 4148 vetuit
785 4090 996 4161 facere,
1033 4090 1258 4159 dicens,
1298 4099 1343 4126 “
1371 4091 1709 4170 AEgyptum
1752 4111 1877 4154 esse
1918 4097 2073 4156 hanc
2114 4105 2329 4162 terram
2366 4113 2549 4172 quam
2574 4093 2752 4154 Nilus
