2925 4992
1039 324 1494 389 BUTERPE.
1922 422 1930 430 β
2293 330 2368 401 93

162 482 375 558 quibus
400 482 575 540 rebus
600 482 787 541 etiam
814 485 1157 545 Graecorum
1196 484 1496 555 nonnulli,
1525 485 1626 561 qui
1665 486 1874 562 poesin
1899 492 2248 555 tractarunt,
2275 486 2374 545 usi

165 571 323 619 sunt.
392 564 663 635 Prodigia
689 564 871 621 etiam
912 566 1081 639 plura
1106 566 1181 622 ab
1208 566 1301 623 his
1328 568 1574 623 inventa
1595 576 1758 632 sunt,
1783 584 1966 640 quam
1991 567 2070 623 ab
2089 567 2222 623 aiiis
2245 584 2376 623 om-

164 642 339 697 nibus
386 641 748 699 hominibus.
829 643 1129 701 Incidente
1168 645 1325 701 enim
1366 645 1658 719 prodigiO‚
1688 644 2002 703 observant
2039 646 2372 719 scriptoque

166 721 519 795 consignant
558 738 633 777 ea
668 737 803 794 quae
838 722 1055 779 deinde
1098 723 1422 779 evenitmt·
1469 732 1550 790 et,
1590 724 1642 779 si
1686 724 1924 797 quando
1971 732 2180 799 postca
2217 722 2382 781 aliud

165 799 349 855 simile
378 800 518 854 huic
546 796 776 866 incidit,
804 799 1025 857 similia.
1048 802 1394 859 existimant
1420 810 1724 859 eventura.

240 881 331 935 83.
374 878 549 939 Quod
580 878 653 933 ad
680 880 1065 936 divinationem
1090 887 1379 952 spectant,
1408 875 1536 950 ejus
1571 881 1730 955 apud
1769 880 1904 939 illos
1941 882 2066 938 boec
2097 880 2246 937 ratio
2275 886 2382 936 est.

166 955 495 1013 Hominum
538 956 685 1013 nulli
726 974 817 1013 ars
858 958 1160 1015 divinandi
1204 958 1393 1029 inesse
1418 966 1686 1033 putatur,
1709 960 1809 1017 sed
1851 960 2098 1017 deorum
2137 958 2381 1033 quibus-

168 1034 315 1091 dam.
397 1036 559 1092 Nam
600 1042 661 1091 et
688 1034 969 1094 Herculis
1010 1038 1070 1093 in
1096 1037 1365 1111 AEgypto
1402 1038 1710 1095 oraculum
1749 1046 1860 1103 est,
1887 1046 1948 1095 et
1974 1038 2288 1112 Apollinis,
2315 1042 2380 1093 et

165 1113 479 1179 Minervae,
507 1122 568 1171 et
592 1112 827 1181 Dianae,
850 1124 910 1171 et
936 1116 1166 1182 Martis,
1200 1125 1261 1171 et
1284 1115 1453 1172 Jovis
1475 1141 1490 1185 3
1535 1116 1790 1189 denique
1816 1116 1900 1182 id,
1927 1117 2086 1190 quod
2115 1116 2378 1173 maxime

168 1193 437 1249 omnium
466 1194 529 1249 in
558 1193 783 1249 honore
812 1193 1048 1260 habent,
1078 1194 1305 1251 Latonae
1326 1195 1610 1251 oraculum
1633 1195 1696 1251 in
1734 1195 1896 1251 Buto
1923 1196 2160 1270 oppido.
2235 1193 2377 1251 Mo·

168 1272 273 1326 dus
306 1289 461 1327 ‘vero
504 1288 625 1345 quo
666 1270 921 1329 eduntur
956 1272 1216 1339 oracula,
1247 1289 1365 1329 non
1409 1273 1566 1329 idem
1609 1273 1727 1329 illis
1769 1274 1986 1348 ubique
2025 1281 2138 1341 est,
2165 1274 2266 1331 sed
2295 1272 2384 1329 di·

166 1366 387 1406 versus.

240 1430 337 1483 84.
379 1429 495 1484 Ars
520 1430 729 1484 medica
757 1429 913 1503 apud
934 1446 1033 1487 eos
1062 1430 1125 1485 in
1158 1430 1317 1487 hunc
1342 1431 1588 1488 modum
1606 1431 1920 1489 distributa
1945 1438 2053 1498 est,
2072 1438 2142 1487 ut
2169 1431 2377 1505 singu·
2461 1494 2467 1501 ,

166 1506 354 1563 lorum
385 1507 735 1563 morborum
760 1508 979 1584 singuli
1016 1509 1135 1565 sint
1160 1505 1395 1577 medici,
1426 1527 1534 1566 nec
1574 1510 1748 1583 plura
1773 1511 2116 1567 morborum
2161 1526 2382 1584 genera

165 1602 319 1641 unus
347 1585 627 1660 idemque
652 1595 832 1643 curet.
912 1586 1173 1661 Suntque
1200 1587 1354 1661 apud
1382 1587 1516 1643 illos
1545 1584 1912 1645 medicorum
1937 1589 2116 1661 plena
2135 1588 2342 1643 omnia
2361 1605 2378 1640 ι

166 1680 305 1721 nam
330 1664 435 1721 alii
472 1664 779 1721 oculorum
820 1674 961 1721 sunt
1002 1662 1233 1733 medici,
1258 1666 1470 1739 eapitis
1495 1666 1620 1733 alii,
1649 1664 1750 1722 alii
1779 1664 2074 1735 dentium,
2101 1666 2203 1722 alii
2241 1662 2382 1733 alvi,

168 1742 265 1801 alii
290 1744 669 1799 occultorum
693 1744 1058 1803 morborum.
2031 1760 2050 1777 ·

244 1826 347 1877 85.
392 1822 667 1877 Lamenta
694 1832 758 1877 et
776 1823 1073 1895 sepulture
1092 1824 1157 1880 in
1188 1824 1351 1881 hunc
1372 1825 1616 1882 modum
1647 1823 2059 1881 instituuntur.
2132 1821 2388 1883 Quando

166 1918 237 1957 cx
258 1900 443 1958 domo
472 1900 727 1975 quadam
748 1902 995 1958 decessit
1022 1903 1221 1969 homo,
1238 1899 1411 1972 cujus
1434 1905 1636 1977 aliqua
1661 1904 1812 1959 ratio
1833 1903 2103 1968 habetur,
2123 1897 2384 1959 foeminae

170 1996 236 2035 ex
262 1996 337 2035 ea
358 1978 541 2035 domo
568 1994 775 2035 omncs
802 1980 931 2035 luto
957 1980 1231 2039 oblinunt
1254 1989 1434 2055 caput
1460 1990 1564 2039 aut
1607 1984 1796 2056 ipsam
1835 1982 2014 2039 etiam
2053 1980 2288 2048 faciem,
2317 1998 2386 2037 ac

168 2058 325 2123 dein,
357 2058 565 2117 relicto
592 2058 755 2115 domi
780 2059 1080 2126 cadavere,
1110 2060 1251 2133 ipsae
1278 2078 1383 2135 per
1406 2060 1616 2119 urbem
1643 2062 2034 2118 discurrentes
2069 2060 2382 2135 phagum,

168 2136 501 2201 succinctae,
530 2154 935 2211 mamm-aeque
976 2150 1327 2207 exserentes,
1356 2147 1417 2197 et
1452 2158 1592 2199 cum
1633 2140 1724 2195 his
1767 2137 2118 2213 propinquae
2157 2154 2385 2195 omnes.

168 2213 417 2288 Aliaque
442 2232 519 2271 ex
558 2224 725 2289 parte
748 2213 860 2271 viri
898 2216 1214 2292 plangunt,
1240 2228 1302 2275 et
1342 2218 1456 2292 ipsi
1495 2218 1794 2275 succincti.
1873 2217 2022 2276 Haec
2065 2226 2380 2291 pneumam

169 2294 461 2359 fecerunt,
490 2294 577 2349 ita
602 2294 842 2351 demum
872 2294 946 2351 ad
970 2295 1369 2353 condiendum
1398 2296 1663 2353 efferunt.

240 2376 337 2430 86.
378 2370 537 2430 Sunt
561 2381 765 2429 autem
788 2372 865 2429 ad
892 2374 1003 2429 hoc
1030 2375 1229 2448 ipsum
1256 2376 1397 2432 certi
1422 2376 1715 2440 homines,
1741 2374 1844 2447 qui
1871 2381 2048 2431 artem
2073 2376 2224 2433 hanc
2249 2391 2382 2443 con-

168 2452 351 2509 diendi
392 2458 635 2507 mortuos
672 2460 960 2509 exercent.
1040 2452 1148 2519 Hi,
1178 2454 1282 2511 ubi
1318 2454 1437 2510 illis
1466 2455 1730 2511 adlatum
1769 2458 1860 2509 est
1887 2452 2154 2521 cadaver,
2183 2456 2384 2511 osten‘

168 2530 317 2587 dunt
347 2531 443 2587 his
470 2527 575 2602 qui
606 2529 753 2587 illud
798 2530 1073 2587 adferunt
1118 2532 1480 2606 exemplaria
1515 2533 1716 2607 lignea
1755 2532 2132 2599 cadaverum,
2162 2533 2390 2607 pictura.

169 2626 373 2667 verum
406 2609 717 2665 imitantia.
795 2608 877 2665 Et
915 2611 1459 2683 praestantissimam
1483 2611 1726 2685 quidem
1753 2611 2062 2667 condiendi
2090 2612 2383 2669 rationem

168 2688 371 2747 dicunt
400 2682 533 2756 ejus
562 2704 713 2753 esse,
738 2683 905 2759 cujus
944 2706 1159 2745 nomen
1196 2690 1258 2745 in
1297 2690 1403 2745 tali
1442 2708 1506 2747 re
1545 2689 1700 2746 effari
1745 2688 1912 2747 nefas
1952 2688 2122 2747 duco.
2199 2690 2384 2747 Mon-

170 2774 351 2825 strant
392 2782 539 2821 vero
574 2775 635 2821 et
676 2765 973 2855 exemplar
1014 2766 1277 2834 alterius,
1310 2785 1443 2843 quae
1483 2768 1622 2825 huic
1661 2767 1907 2825 inferior
1945 2776 2034 2825 est
2077 2778 2136 2825 et
2184 2769 2385 2828 minus

170 2848 465 2919 pretiosa3
512 2842 763 2919 denique
788 2839 1041 2913 tertiam,
1070 2844 1435 2903 vilissimam.
1517 2846 1752 2908 Quibus
1777 2847 2082 2919 expositis,
2111 2855 2384 2923 quaerunt

170 2942 243 2983 ex
265 2925 407 2991 illis,
436 2940 697 2997 quonam
728 2940 947 2999 genere
984 2925 1175 2998 parari
1204 2924 1387 2981 velint
1424 2925 1687 2981 cadaver.
1765 2924 1923 2983 Tum
1961 2926 2044 2993 hi,
2073 2934 2386 3001 postquam

172 3004 243 3061 de
266 3003 546 3061 mercede
584 3002 889 3069 convenit,
914 3002 1176 3059 abeunt·
1163 3046 1175 3059 .
1220 3011 1282 3059 et
1321 3003 1434 3070 illi,
1462 3004 1586 3061 suis
1619 3002 1680 3058 in
1711 3003 1933 3061 aedibus
1973 3014 2307 3071 manentes,
2333 3005 2387 3061 si

170 3082 623 3156 praestantissima
650 3084 863 3137 ratione
896 3082 1251 3139 condiendum
1290 3082 1523 3139 cadaver
1560 3081 1764 3148 fuerit,
1791 3098 1916 3137 rem
1956 3082 2038 3139 ita
2075 3091 2385 3157 perag-unt.

172 3162 467 3227 Primum,
497 3160 741 3218 incurvo
776 3159 933 3217 ferro
972 3178 1077 3235 per
1116 3176 1283 3217 nares
1320 3162 1638 3217 extrahunt
1674 3160 2014 3231 cerebrum3
2059 3169 2122 3217 et
2159 3168 2388 3235 partem
2475 3206 2488 3228 .

160 3240 417 3316 quidem
458 3238 681 3295 cerebri
722 3238 805 3295 ita
844 3239 1181 3305 extrahunt,
1222 3240 1437 3313 partim
1481 3257 1620 3297 vero
1666 3235 1882 3303 infusis
1923 3239 2387 3310 medicamentis.

160 3320 409 3377 ‚Deinde
436 3324 616 3375 acuto
640 3316 837 3391 lapide
864 3318 1179 3391 aethiopico
1206 3318 1361 3375 circa
1384 3318 1486 3377 ilia
1524 3318 1796 3375 incidunt
1820 3318 2086 3385 cadaver,
2111 3327 2172 3375 et
2197 3326 2388 3377 tota‘m

174 3399 373 3455 alvum
396 3403 759 3461 exenterant,
776 3402 837 3453 et
860 3404 1171 3471 purgatam
1198 3396 1407 3452 eluunt
1426 3398 1572 3453 vino
1597 3396 1854 3471 palmeo,
1874 3398 2202 3471 iterumque
2230 3399 2382 3459 tritis

156 3476 541 3536 Isi-omatibus
566 3482 916 3549 exter-gunt.
940 3482 1077 3533 tum
1103 3475 1243 3531 trita
1268 3475 1586 3547 purissima
1608 3490 1708 3549 my
1712 3475 1848 3531 rrha
1871 3483 1932 3533 et
1958 3476 2121 3533 casia
2140 3478 2388 3559 aliisque

160 3556 475 3621 odoribus,
508 3554 573 3609 th
582 3570 683 3609 ure
722 3548 987 3627 excepti),
1016 3554 1219 3611 alvum
1256 3554 1576 3626 complent,
1601 3562 1780 3627 atque
1804 3555 2160 3628 completam
2188 3564 2389 3613 rursus

174 3641 493 3695 consuunt.
572 3631 691 3687 His
728 3632 811 3688 ita
848 3631 1039 3697 factis,
1072 3632 1225 3689 nitro
1264 3632 1576 3699 condiunt,
1605 3631 1986 3707 conduntque
2001 3635 2246 3690 cadaver
2283 3652 2388 3707 per

160 3714 295 3771 dies
334 3711 756 3787 septuaginta·
740 3754 757 3781 ‚
802 3728 911 3767 nec
934 3711 1095 3767 enim
1119 3711 1257 3767 licet
1282 3711 1521 3767 diutius.
1600 3710 1832 3784 Elapsis
1855 3712 2240 3787 septuaginta
2263 3712 2388 3769 die-

46 3804 51 3811 ·
160 3794 311 3859 bus,
337 3792 553 3847 lavant
578 3788 846 3858 cadaver,
875 3796 935 3846 et
974 3797 1171 3845 totum
1198 3806 1411 3861 corpus
1432 3788 1608 3845 sectis
1637 3806 1710 3844 ex
1737 3790 2000 3864 syndone
2022 3791 2268 3865 byssina
2294 3790 2385 3849 fa·-

160 3872 305 3929 .sciis
329 3868 685 3934 involvunt,
712 3868 948 3942 gummi
987 3868 1247 3933 subistis,-
1273 3885 1391 3941 quo
1432 3885 1540 3940 pro
1567 3868 1794 3959 glutine
1833 3868 2099 3925 maxime
2137 3876 2387 3927 utuntur

179 3949 471 4027 AEgyptii.
554 3946 707 4003 Inde
744 3946 849 4003 ubi
887 3946 1133 4003 cadaver
1172 3955 1514 4020 receperunt
1552 3946 1882 4021 propinqui,
1922 3963 2158 4019 capsam
2205 3949 2386 4005 confi-

180 4030 449 4090 ciendam
488 4032 703 4085 curant
738 4025 993 4082 hominis
1024 4025 1240 4100 figura,
1264 4026 1363 4081 cui
1400 4024 1716 4082 includunt
1752 4025 2024 4082 cadaver·
2008 4050 2027 4095 3
2073 4030 2249 4098 atque
2287 4028 2384 4085 in·-

184 4106 407 4167 clusum
434 4111 737 4181 reponunt
760 4100 825 4161 in
843 4102 1181 4167 conditorio
1204 4102 1542 4179 sepultum,
1569 4111 1798 4161 rectum
1825 4108 2148 4163 statuente·
2175 4103 2248 4165 od
2277 4122 2384 4181 pa-
