2925 4992
548 315 663 377 174
1108 310 1600 393 HERODOTI
1675 310 2044 409 HISTOR.
2087 312 2202 371 111.

580 470 915 529 ‘nimirum
940 470 1185 545 impune
1214 471 1325 527 ille
1352 470 1525 537 feret,
1555 468 1661 544 qui
1700 471 1814 527 hoc
1847 487 1948 527 me
1971 470 2152 531 modo
2177 470 2513 533 mutilavit:
2559 474 2767 548 explo-

576 557 781 607 ‘ratas
808 554 1005 605 autem
1034 550 1220 605 habeo
1248 566 1455 606 omnes
1485 548 1914 605 consiliorum
1897 550 2082 623 ipsius
2113 551 2268 607 vias!

520 666 541 693 s
630 630 761 691 157.
803 629 954 689 Quae
994 628 1101 683 ubi
1139 627 1239 687 ille
1282 629 1518 686 locutus
1561 634 1676 693 est,
1713 627 1982 683 videntes
2021 628 2335 701 Babylonii
2377 630 2574 698 virum
2615 632 2768 691 inter

545 706 753 764 Persas
794 706 1253 771 nobilissimum,
1284 708 1522 761 naribus
1564 700 1930 779 auribusque
1971 708 2338 771 mutilatum,
2367 718 2428 763 et
2453 726 2668 765 cruore
2693 730 2766 767 ex

544 784 795 877 flagellis
824 785 1219 857 inquinatum,
1247 800 1484 857 prorsus
1525 802 1576 840 e:
1577 784 2016 846 {istimaverunt
2043 802 2178 843 vera
2204 802 2340 841 eum
2367 788 2580 853 dicere,
2609 796 2675 844 et
2699 796 2765 845 ut

543 864 769 919 socium
798 864 907 919 sibi
938 863 1227 919 advenire.
1308 863 1518 937 ltaque
1545 863 1736 935 parati
1763 873 1924 917 erant
1948 863 2004 919 ei
2029 864 2334 937 indulgere
2359 882 2494 937 quae
2520 866 2639 921 ab’
2621 868 2764 939 ipsis

545 942 929 1015 postulasset3
973 941 1309 1014 postulabat
1336 952 1536 999 autem
1565 948 1934 997 armatorum
1961 959 2224 997 manum.
2280 942 2440 999 Tum
2469 962 2612 999 vero
2639 946 2760 1009 ille,

541 1028 855 1095 postquam
898 1021 1095 1093 copias
1138 1020 1496 1092 impetravit,
1523 1038 1614 1082 ea,
1635 1020 1826 1077 facere
1865 1016 2122 1075 instituit
2159 1019 2232 1076 de
2259 1022 2472 1093 quibus
2500 1023 2590 1079 illi
2623 1042 2764 1081 cum

541 1100 725 1155 Dario
782 1105 1151 1154 convenerat.
1230 1099 1478 1155 Decimo
1531 1099 1652 1165 die,
1695 1098 1910 1153 educto
1953 1098 2418 1171 Babyloniorum
2471 1103 2760 1168 exercitu,

540 1178 705 1233 mille
740 1175 895 1241 illos,
924 1194 1073 1249 quos
1115 1176 1333 1249 primos
1375 1186 1536 1233 certo
1573 1177 1712 1251 Laco
1752 1177 1947 1231 locare
1987 1176 2366 1233 mandaverat
2406 1178 2618 1246 Dario,
2645 1180 2766 1236 cir··

539 1255 847 1313 cumdatos
888 1255 1200 1311 interfecit.
1281 1255 1538 1347 Jamque
1582 1254 1988 1332 intelligentes
2029 1252 2366 1328 babylonii,
2405 1257 2576 1313 factis
2619 1276 2758 1315 eum

534 1333 717 1389 verba
742 1351 997 1408 aequare,
1027 1335 1086 1389 in
1112 1334 1389 1390 omnibus
1416 1336 1470 1389 ei
1512 1350 1720 1423 par-pre
1745 1342 1918 1389 erant
1943 1332 2148 1405 parati.
2226 1334 2384 1391 'lum
2429 1335 2548 1401 ille,
2577 1336 2760 1393 inter-

528 1408 693 1483 jecto
734 1413 960 1470 dierum
1006 1428 1251 1470 numero
1292 1413 1363 1467 de
1392 1430 1512 1485 quo
1555 1418 1937 1477 convenerat
1969 1413 2181 1467 iterum
2221 1413 2468 1469 selectos
2497 1414 2758 1488 Babylo-

537 1492 775 1547 niorum
798 1491 1019 1555 eduxit,
1049 1501 1109 1547 et
1137 1490 1227 1547 bis
1268 1490 1430 1546 mille
1458 1491 1610 1555 illos,
1647 1508 1794 1567 quos
1831 1508 2010 1563 supra
2035 1490 2180 1554 dixi,
2211 1491 2380 1549 Darii
2407 1492 2672 1549 milites
2655 1511 2758 1549 m-

536 1570 783 1626 terfecit.
852 1566 1048 1645 Igitur
1076 1571 1187 1625 hoc
1214 1571 1396 1625 etiam
1423 1570 1604 1625 factm
1639 1587 1656 1623 ι
1685 1568 1792 1624 ubi
1821 1568 2091 1625 viderunt
2115 1569 2450 1642 Babylonii,
2479 1572 2755 1629 omnium

538 1667 639 1705 ore
666 1649 937 1722 Zopyrus
968 1648 1385 1705 celebrabatur.
1466 1648 1544 1704 At
1582 1648 1601 1701 i
1605 1648 1690 1703 le
1734 1664 1952 1712 rursus,
1979 1648 2314 1704 intermisso
2353 1649 2594 1713 definito
2621 1650 2752 1706 die-

536 1745 667 1787 rum
702 1745 967 1792 numero,
1000 1729 1057 1781 in
1100 1727 1295 1783 locum
1339 1728 1730 1792 constitutum
1775 1726 1970 1798 copias
2011 1725 2231 1791 eduxit,
2260 1736 2320 1781 et
2355 1728 2760 1785 circumdatos

535 1815 741 1879 quater
776 1806 943 1865 mille
985 1806 1299 1862 interfecit.
1382 1808 1520 1867 Qua
1545 1804 1638 1859 de
1631 1822 1748 1877 puo
1779 1823 1838 1861 re
1877 1810 2066 1877 gesta,
2085 1800 2212 1895 jam
2251 1806 2452 1863 omnia
2477 1806 2752 1880 Zopyrus

535 1884 689 1957 apud
738 1884 1093 1958 Babylonios
1136 1892 1279 1950 erat,
1306 1893 1367 1939 et
1408 1878 1660 1958 imperit,
1693 1899 1926 1939 summa
1951 1890 2012 1939 et
2049 1883 2206 1939 muri
2250 1884 2518 1939 custodia
2557 1886 2753 1943 eidem

533 1963 819 2037 permissa
846 1971 949 2021 est
2745 1990 2752 2001 ·

616 2046 746 2099 1-58.
785 2040 1015 2097 Deinde
1041 2058 1201 2106 v,ero
1230 2048 1301 2096 ut
1334 2058 1405 2095 ex
1446 2058 1658 2113 compo
1670 2040 1786 2109 sito
1827 2038 2050 2095 Darius
2089 2058 2328 2097 murum
2367 2042 2751 2099 circumcirca

532 2136 876 2211 oppugnare
903 2128 993 2175 est
1016 2120 1347 2193 adgressuS,
1376 2119 1457 2173 ibi
1497 2126 1625 2175 tum
1655 2113 1930 2194 Ξξοργίυε
1957 2118 2158 2173 dolum
2188 2122 2532 2176 universum
2559 2121 2748 2177 nuda-

529 2200 633 2254 vit.
706 2199 889 2263 Nam,
920 2198 1061 2255 dum
1088 2198 1402 2271 babylonii
1429 2214 1762 2291 conscensip
1789 2214 1962 2251 muro
1992 2197 2265 2269 repellere
2291 2208 2748 2273 oppugnantem

528 2274 691 2338 Darii
732 2278 1047 2336 exercitum
1082 2284 1387 2341 conantur,
1418 2277 1686 2349 Zopyrus
1724 2259 1959 2331 interim
2003 2286 2204 2347 aperta
2232 2277 2420 2333 Cissia
2448 2286 2507 2331 et
2511 2276 2748 2333 Belide

526 2364 697 2431 porta
728 2356 929 2413 Persas
957 2356 1114 2411 intra
1140 2373 1379 2413 murum
1408 2356 1646 2429 recepit.
1731 2353 1908 2415 Quod
1941 2354 2168 2411 factum
2195 2356 2297 2428 qui
2323 2356 2598 2411 viderunt
2632 2356 2748 2411 Ba-

526 2435 771 2509 bylonii,
796 2433 896 2491 hi
884 2452 943 2490 ιη
974 2435 1141 2490 Jovis
1168 2435 1295 2489 Beli
1326 2435 1614 2507 templum
1643 2431 2090 2504 confugerunt:
2133 2434 2234 2507 qui
2261 2452 2398 2490 vero
2429 2448 2552 2491 nou
2581 2434 2748 2492 vide-³

524 2521 685 2577 runt,
716 2514 777 2568 in
808 2532 915 2571 suo
944 2514 1193 2587 quisque
1216 2520 1563 2569 manserunt
1591 2512 1824 2576 ordine,
1845 2511 2034 2567 donec
2061 2519 2122 2567 et
2151 2512 2214 2567 hi
2243 2513 2502 2585 proditos
2531 2529 2594 2597 se
2615 2531 2744 2571 esse

524 2592 956 2649 intellexerunt.
2735 2618 2744 2629 ·

606 2672 737 2725 159.
783 2668 977 2743 Igitur
1012 2670 1127 2725 hoc
1166 2668 1345 2725 modo
1386 2647 1550 2740 capta
1593 2670 1819 2729 iterum
1850 2667 2094 2739 Babylon
2133 2677 2240 2725 est.
2320 2668 2540 2726 Darius
2569 2686 2746 2735 vero,-

521 2749 669 2805 urbe
699 2744 937 2821 potitus„
967 2756 1025 2803 et
1052 2765 1294 2804 murum
1321 2742 1447 2817 ejus
1475 2745 1682 2813 diruit,
1711 2756 1770 2803 et
1801 2755 1994 2819 portas
2021 2764 2224 2803 omnes
2249 2746 2538 2819 detraxit3
2585 2766 2744 2823 quo-

522 2845 657 2885 rum
681 2826 828 2883 nihil
844 2828 1045 2921 Cyrus
1072 2827 1307 2891 fecerat,
1336 2837 1652 2898 postquam
1688 2826 1942 2901 primum
1975 2825 2340 2899 Babylonem
2363 2828 2534 2899 cepit.
2616 2828 2740 2883 Ad-

518 2906 647 2963 haec
672 2924 746 2963 ex
772 2906 1065 2980 primariis
1084 2906 1309 2961 civibus
1336 2916 1423 2959 ter
1450 2906 1616 2961 mille
1637 2904 1966 2961 admodum
1987 2921 2022 2958 e
2051 2904 2196 2976 palis
2222 2906 2498 2978 suspendi
2515 2906 2738 2963 Darius

512 2980 730 3056 jussit3
778 2983 1015 3057 reliquis
1041 3002 1181 3039 vero
1203 2983 1557 3057 Babyloniis
1583 2983 1794 3041 urbem
1822 2982 2070 3038 reddidit
2113 2983 2513 3039 habitandam.
2593 2985 2738 3046 Quo

514 3082 657 3123 vero
696 3064 973 3121 mulieres
1026 3063 1312 3119 haberent
1352 3062 1700 3155 Babylonii,
1745 3070 1803 3117 et
1855 3060 2088 3117 soboles
2129 3062 2212 3118 eis
2257 3062 2730 3128 subnasceretur,

522 3142 1053 3217 (quandoquidem,
1082 3149 1151 3197 ut
1175 3138 1345 3196 initio
1386 3142 1730 3213 expositum
1759 3149 1870 3205 est,
1897 3157 2034 3195 suas
2073 3140 2502 3203 suffocaverant
2527 3141 2736 3215 Baby-

511 3218 677 3287 lonii,
708 3223 789 3303 rei
834 3220 1237 3277 frumentariae
1265 3218 1673 3288 consulentes)
1705 3218 1811 3273 tali
1841 3218 2066 3273 ratione
2093 3219 2240 3275 inita
2264 3219 2482 3275 Darius
2527 3220 2727 3291 provi-

513 3300 637 3357 dit·
684 3296 901 3357 circum
948 3298 1349 3354 habitantibus
1394 3297 1634 3369 populis
1677 3298 2008 3369 imperavit,
2043 3304 2112 3353 ut
2149 3298 2426 3353 mulieres
2469 3298 2738 3373 Babylm.

513 3394 673 3443 nem,
715 3386 940 3433 certum
989 3377 1197 3449 cuique
1242 3377 1461 3448 populo
1515 3392 1834 3431 numerum
1885 3374 2188 3441 definienS‚
2235 3377 2554 3433 mitterent.
2633 3376 2730 3433 Ita

511 3456 825 3515 mulierum
867 3472 1119 3522 summa,
1148 3472 1281 3528 quae
1322 3462 1762 3519 convenerunt,
1805 3454 1921 3509 fuit
1959 3453 2212 3509 millium
2253 3455 2718 3531 quinquaginta·
2700 3496 2722 3525 ,

511 3536 725 3611 quibus
754 3552 785 3589 e
813 3534 1159 3591 mulieribus
1179 3534 1463 3621 prognati
1496 3518 1641 3612 {sunt
1667 3533 1766 3604 qui
1795 3549 1954 3589 nunc
1980 3540 2119 3587 sunt
2155 3532 2482 3608 Babylonii.

592 3617 745 3671 16oe
763 3612 949 3669 Dario
992 3630 1132 3669 vero
1168 3608 1388 3683 judice,
1416 3628 1600 3671 nemo
1644 3611 1975 3675 Persarum,
2007 3628 2118 3667 nec
2161 3628 2368 3669 eorum
2415 3612 2518 3685 qui
2563 3620 2723 3679 ante,

507 3710 619 3751 nec
646 3693 749 3767 qui
776 3699 909 3765 post
935 3692 1201 3757 fuerunt,
1229 3690 1443 3747 melius
1476 3674 1556 3749 de
1587 3690 1777 3745 Persis
1817 3690 2055 3745 meritus
2083 3697 2172 3744 est
2213 3706 2392 3763 quam
2424 3692 2728 3765 ZopyruS,

506 3788 633 3829 uno
660 3778 813 3846 Cyro
842 3778 1126 3843 excepto,
1176 3787 1315 3825 nam
1345 3786 1498 3825 cum
1527 3770 1638 3825 hoc
1673 3785 1736 3823 se
1765 3767 2033 3823 conferre
2075 3784 2252 3823 nemo
2292 3768 2486 3825 adhuc
2513 3768 2720 3827 Persa-

502 3868 639 3907 rum
664 3867 841 3906 ausus
862 3858 967 3907 est.
1008 3848 1215 3905 Fertur
1238 3854 1436 3904 autem
1464 3848 1687 3921 ιιωρὶιιε
1708 3847 1861 3902 hanc
1885 3846 2234 3903 sententiam
2255 3845 2578 3903 declarasse
2591 3848 2726 3909 Dan,

504 3930 649 3995 rius,
682 3928 847 3985 malle
884 3946 961 3994 se,
1001 3929 1280 3999 Zopyrum
1320 3914 1558 3998 indigua
1602 3926 1702 3981 illa
1743 3924 2084 3979 mutilatione
2121 3942 2227 3981 non
2267 3944 2378 3983 esse
2417 3924 2712 3999 adfectum,

506 4024 670 4078 quam
696 4009 894 4079 viginti
920 4006 1221 4079 Babylones
1242 4005 1346 4061 sibi
1370 4006 1445 4063 ad
1473 4022 1610 4099 feam
1637 4021 1754 4075 quoe
1777 4020 1919 4058 nunc
1943 4009 2022 4057 est
2047 4004 2315 4071 accedere.
2393 4004 2716 4079 Magnifice

504 4093 705 4151 autem
730 4085 901 4151 illum
939 4084 1283 4143 honoravit:
1326 4101 1478 4161 namq
1517 4088 1580 4141 et
1616 4098 1867 4140 munera
1905 4080 1992 4138 illi
2031 4083 2348 4158 quotannis
2388 4082 2596 4141 tribuit
2610 4099 2712 4149 en,
