2925 4992
1072 298 1577 361 POLYMNIA.
2314 307 2437 365 363

221 458 516 517 nuncium
549 459 864 533 quemdam
905 434 1148 519 missum
1177 476 1314 517 eum
1343 459 1528 518 fuisse
1572 478 1607 519 e
1650 460 1875 528 castris,
1900 468 1980 529 et,
2007 480 2193 537 quum
2218 480 2437 539 pugnae

219 533 440 595 deinde
465 539 740 597 interesse
784 540 1092 613 potuisset,
1121 538 1403 605 noluisse,
1429 541 1533 598 sed
1576 541 1639 597 in
1680 541 1779 597 via
1804 551 2123 607 moratum,
2152 544 2434 615 supersti-

219 624 348 671 tem
378 616 597 688 fuisse3
645 613 870 675 socium
907 627 1129 683 autem,
1157 618 1260 690 qui
1309 618 1489 675 simul
1530 636 1669 676 cum
1718 637 1790 677 eo
1842 620 2056 677 missus
2099 619 2315 687 fuerat,
2360 621 2433 677 ad

217 711 492 769 pugnam
521 696 781 763 rediisse,
811 698 872 753 in
883 714 1080 770 eaque
1105 696 1464 756 occubuisse.

163 836 168 841 ,
301 778 437 829 231.
479 738 781 849 Quidquid
817 776 913 841 sit,
949 774 1436 833 Lacedaemonem
1480 792 1746 833 reversus
1772 775 2175 835 Aristodemus
2214 780 2429 851 probro

215 859 278 909 et
307 851 640 927 ignominia
668 861 902 910 notatus
926 863 1038 920 est,
1067 860 1244 927 atque
1275 853 1360 909 ita
1399 854 1641 911 infamis
1668 856 1926 921 habitus,
1954 863 2023 913 ut
2052 874 2227 913 nemo
2254 858 2430 933 Spar-

213 941 496 987 tanorum
523 933 726 989 lumen
757 933 808 989 ei
839 933 1194 1003 accenderet,
1231 948 1340 987 nec
1379 950 1517 989 cum
1544 951 1613 988 eo
1640 934 2087 1009 colloqueretur,
2115 950 2297 1010 utque
2324 955 2430 1011 per

211 1009 616 1083 ignominiam
663 1012 906 1083 trepidus
947 1010 1322 1067 Aristodemus
1370 1012 1787 1075 nominaretur.
1868 1012 1980 1069 Sed
2016 1013 2173 1071 idem
2223 1016 2315 1070 vir
2362 1016 2425 1071 in

206 1104 424 1163 pugna
447 1086 518 1144 ad
553 1085 826 1145 Plataeeas
853 1089 1110 1163 culpam,
1139 1106 1272 1162 quae
1297 1106 1430 1145 eum
1458 1090 1783 1163 premebat,
1814 1090 2097 1150 dissolvit.

293 1170 436 1223 232.
473 1167 812 1225 Memorant
865 1169 1063 1233 etiam,
1117 1167 1300 1223 alium
1349 1186 1424 1223 ex
1475 1171 1768 1237 trecentis,
1822 1170 2059 1226 nomine
2110 1171 2423 1238 Pantitem,

209 1262 408 1318 quum
453 1245 529 1301 ad
573 1246 958 1305 deferendum
986 1246 1274 1303 nuncium
1314 1246 1373 1301 in
1415 1245 1780 1304 Thessaliam
1822 1248 2031 1315 fuisset
2058 1251 2295 1315 missuS,
2326 1268 2426 1307 su·

207 1324 523 1397 perstitem
545 1322 764 1395 fuisse3
810 1326 1082 1383 eumdem
1106 1342 1266 1391 vere,
1291 1340 1475 1397 quum
1504 1327 1771 1400 Spartam
1801 1344 2067 1383 reversus
2093 1328 2427 1403 ignominia

203 1411 366 1459 esset
395 1409 654 1469 notatus,
679 1404 1014 1461 voluntario
1042 1403 1363 1476 suspendio
1391 1404 1575 1459 vitam
1602 1406 1839 1461 finiisse.

288 1484 433 1539 233.
475 1481 744 1539 Thebani
791 1500 951 1550 vere,
993 1482 1206 1557 quibus
1253 1483 1374 1539 dux
1425 1491 1669 1556 praeerat
1712 1480 2092 1554 Leontiades,
2138 1484 2423 1541 hactenus

197 1561 450 1653 quidem
499 1578 534 1615 a
582 1561 921 1618 Graecorum
974 1560 1236 1633 partibus
1280 1570 1490 1628 stante,
1520 1562 1865 1619 necessitate
1910 1564 2119 1629 coacti,
2144 1562 2423 1619 adversus

197 1640 367 1714 regis
411 1639 732 1696 exercitum
771 1640 1209 1699 dimicaverant.
1294 1640 1380 1695 Ut
1421 1657 1561 1696 vero
1602 1642 1958 1714 superiorem
1988 1659 2111 1697 esse
2148 1642 2423 1698 viderunt

195 1736 335 1774 rem
379 1718 709 1785 Persarum,
738 1734 856 1791 quo
902 1727 1165 1792 tempore
1193 1718 1382 1775 Graeci
1424 1720 1531 1791 qui
1578 1737 1714 1775 cum
1756 1718 2026 1775 Leonida
2067 1720 2307 1777 fuerant
2346 1721 2421 1777 ad

193 1790 511 1853 tumulum
551 1813 615 1851 se
653 1798 905 1871 recipere
931 1797 1345 1871 properabant,
1377 1797 1466 1853 his
1506 1796 1767 1863 desertis,
1797 1799 1983 1871 passis
2024 1798 2297 1855 manibus
2346 1798 2420 1853 ad

189 1875 503 1933 Barbaros
549 1884 936 1941 accesserunt,
979 1876 1234 1931 dicentes
1283 1876 1344 1931 id
1394 1875 1553 1949 quod
1595 1878 1968 1933 verissimum
2020 1885 2165 1943 erat,
2233 1886 2424 1933 ‘cum

195 1953 482 2011 “Medis
508 1970 634 2009 sese
659 1956 896 2022 sentire,
925 1960 984 2011 et
1011 1956 1162 2011 inter
1184 1954 1402 2026 primos
1448 1964 1667 2021 terram
1710 1964 1769 2011 et
1813 1972 2024 2027 aquam
2072 1956 2197 2031 regi
2240 1956 2420 2013 tradi-

191 2038 237 2065 “
275 2032 478 2104 disse3
524 2034 870 2093 necessitate
911 2040 1108 2095 autem
1149 2042 1382 2092 coactos
1421 2034 1649 2091 venisse
1692 2034 1767 2089 ad
1806 2034 2254 2109 Thermopylas,
2282 2044 2343 2091 et
2382 2054 2421 2091 a

194 2118 240 2144 “
279 2111 462 2169 cladis
490 2111 664 2183 culpa
691 2113 815 2187 regi
851 2112 1028 2169 illatae
1071 2128 1196 2168 esse
1237 2111 1582 2169 immuneS.”
1666 2113 1777 2169 His
1821 2112 2013 2181 dictis,
2037 2115 2183 2170 salvi
2218 2131 2419 2171 evase-

190 2199 392 2261 runt3
439 2189 736 2247 habebant
769 2192 928 2247 enim
973 2191 1150 2247 etiam
1191 2191 1505 2247 Thessalos
1547 2190 1839 2252 dictorum
1882 2200 2079 2257 testes,
2160 2192 2287 2249 Nec
2331 2202 2418 2247 ta-

190 2288 346 2327 men
393 2287 632 2341 prorsus
680 2268 929 2325 feliciter
971 2271 1053 2323 eis
1103 2286 1193 2325 res
1233 2269 1424 2325 cessit.
1507 2268 1686 2336 Nam,
1716 2278 1788 2325 ut
1827 2270 2169 2327 accedentes
2215 2288 2315 2326 eos
2355 2271 2416 2326 in

193 2357 502 2421 potestate
533 2348 858 2413 habuerunt
887 2347 1146 2413 Barbari,
1173 2342 1491 2403 nonnullos
1516 2348 1715 2413 etiam,
1738 2353 1808 2403 ιιι
1828 2348 2201 2413 accedebant,
2232 2349 2417 2405 inter-

189 2429 516 2485 fecerunt·
499 2452 516 2497 3
584 2426 816 2499 reliquis
873 2444 1011 2481 vero
1063 2424 1276 2485 Xerxis
1318 2421 1492 2496 jussu
1544 2426 1707 2499 regia
1730 2426 2063 2483 inusserunt
2116 2427 2414 2501 stigmata,

191 2507 378 2563 initio
431 2524 468 2561 a
513 2505 660 2561 duce
708 2505 1031 2563 Leontiadc
1083 2505 1282 2574 fact03
1329 2499 1499 2573 cujus
1550 2504 1661 2561 viri
1712 2504 1900 2561 filium
1951 2504 2417 2578 Eurymachum,

187 2580 514 2653 interjecto
560 2592 843 2657 tempore,
879 2584 1228 2641 Plataeenses
1268 2584 1708 2649 interfecerunt,
1732 2600 1913 2657 quum
1948 2581 2416 2659 quadringento-

191 2682 342 2726 rum
369 2663 492 2719 dux
517 2662 727 2721 fuisset
751 2662 1194 2730 Thebanorum,
1221 2680 1477 2736 quorum
1503 2679 1615 2735 ope
1642 2662 2055 2721 Plataeensium
2080 2663 2287 2721 urbem
2312 2680 2436 2719 oc-=

191 2760 278 2799 cu
323 2749 541 2798 averat.

279 2760 422 2877 334.
468 2818 600 2877 Hoc
627 2821 812 2896 igitur
835 2820 1013 2877 modo
1039 2821 1114 2876 ad
1148 2819 1537 2893 Thermopylas
1571 2820 1747 2875 Graeci
1774 2828 2201 2899 pugnaverant.
2255 2820 2416 2879 Tum

189 2916 348 2957 vero
374 2899 602 2955 Xerxes
627 2907 902 2956 vocatum
925 2899 1000 2955 ad
1025 2916 1088 2954 se
1116 2898 1502 2955 Demaratum
1544 2898 1951 2973 interrogavit,
1984 2894 2095 2955 hoc
2123 2918 2263 2956 usus
2292 2918 2415 2957 ser·-

189 2978 404 3036 monis
445 2979 708 3035 introitu.
792 2979 1206 3043 “,Dcmarate
1235 2980 1328 3033 vir
1365 2977 1585 3049 probus
1614 2993 1709 3033 es:
1757 2994 1833 3033 ex
1869 2994 2010 3032 vero
2054 2979 2133 3033 ita
2166 2973 2409 3047 judico:

224 3064 666 3131 ‘quaecumque
715 3057 876 3113 enim
919 3054 1138 3120 dixisti,
1191 3074 1262 3111 ea
1311 3057 1396 3111 ita
1443 3064 1787 3111 evenerunt.
1867 3056 2043 3111 Nunc
2094 3056 2189 3111 dic
2238 3058 2413 3124 mihi,

194 3142 246 3169 “
275 3142 568 3210 quotnam
610 3152 860 3191 numero
901 3136 1024 3191 sint
1063 3136 1272 3207 reliqui
1302 3134 1774 3201 Lacedaemonii,
1761 3159 1773 3171 ·
1812 3141 1880 3189 ,et
1906 3150 1979 3189 ex
2010 3134 2099 3190 his
2128 3143 2273 3208 quot
2300 3136 2417 3193 sint

222 3215 492 3271 ‘horum
531 3214 792 3273 similes'
777 3231 840 3269 m
870 3231 930 3269 re
963 3214 1188 3278 bellica,
1216 3232 1293 3269 an
1319 3214 1501 3269 etiam
1531 3213 1673 3271 tales
1701 3212 1815 3269 sint
1840 3229 2082 3269 omnes.
2067 3216 2125 3255 >”
2182 3213 2265 3269 Et
2289 3214 2415 3285 ille,

195 3300 248 3327 “
278 3292 490 3351 Rex!”
535 3293 749 3365 inquit,
794 3291 1184 3348 “multitudo
1238 3292 1477 3365 quidem
1516 3292 1787 3347 omnium
1834 3291 2415 3351 Lacedaemoniorum

193 3378 246 3407 “
275 3374 498 3447 ingens
523 3380 631 3437 est,
659 3380 721 3429 et
743 3371 1008 3427 civitates
1036 3378 1188 3435 sunt
1213 3371 1456 3441 multae.
1502 3371 1669 3463 quod·
1702 3387 1841 3428 vero
1870 3377 1938 3427 tu
1966 3364 2111 3426 scire
2136 3372 2325 3445 cupis,
2354 3371 2416 3429 id

196 3457 248 3485 “
277 3452 494 3511 dicam.
571 3450 724 3507 Est
708 3468 768 3506 m
798 3449 1094 3507 Laconica
1120 3449 1347 3522 Sparta,
1378 3450 1583 3505 civitas
1615 3449 1875 3507 virorum
1906 3449 2086 3505 octies
2115 3450 2279 3507 mille
2306 3451 2412 3507 ad-

196 3536 246 3563 “
274 3528 570 3595 modum;
617 3536 677 3585 et
722 3528 782 3585 hi
825 3528 1064 3602 quidem
1108 3546 1316 3584 omnes
1359 3527 1581 3583 similes
1609 3535 1751 3583 sunt
1775 3530 1863 3585 his
1892 3524 1993 3600 qui
2034 3529 2131 3584 hic
2176 3547 2412 3604 pugna-

199 3608 252 3643 “
279 3615 438 3669 runt.
521 3608 729 3664 Caeteri
757 3624 893 3663 vero
919 3605 1353 3671 Lacedaemonii
1391 3607 1485 3662 his
1524 3606 1729 3680 utique
1768 3625 1887 3665 non
1916 3614 2055 3662 sunt
2080 3607 2323 3677 similes,
2354 3616 2417 3664 at

197 3694 248 3722 ‘⁸'
279 3688 470 3746 fortes
492 3694 692 3743 tamen
716 3686 828 3742 viri
855 3689 1042 3743 sunt.”
1121 3684 1212 3741 Ad
1239 3686 1366 3743 haec
1395 3685 1623 3753 Xerxes
1662 3685 1785 3740 ait:
1847 3692 1891 3718 “
1924 3687 2200 3746 Quonam
2230 3686 2417 3760 igitur

201 3770 246 3801 “
276 3772 455 3842 pacto
483 3766 592 3821 hos
630 3764 904 3823 homines
947 3764 1200 3821 minimo
1245 3764 1445 3829 labore
1494 3764 1875 3838 subigemus
1859 3767 1879 3807 ³
1935 3764 2082 3838 Age,
2114 3764 2226 3818 hoc
2264 3760 2415 3829 mihi

197 3854 242 3881 “
273 3844 524 3920 prome!
582 3844 680 3914 Tu
705 3843 867 3901 enim
894 3844 1018 3901 vias
1045 3843 1420 3905 consiliorum
1449 3842 1739 3909 omnium,
1766 3841 1979 3945 quibus
2016 3841 2105 3897 illi
2142 3850 2413 3910 utuntur,

196 3930 610 3999 “compertas
639 3909 842 3995 habea,
871 3922 1090 3997 quippe
1117 3922 1216 3994 qui
1245 3938 1347 3983 rex
1371 3939 1579 3978 eorum
1602 3920 1819 3979 fuistifl’

279 4007 422 4061 ¹235.
463 4000 796 4076 Respondit
820 4000 1196 4057 Demaratus.
1245 4000 1804 4074 “Quandoquidem
1832 3998 2091 4055 studiose
2128 4016 2227 4055 me
2264 4018 2410 4058 con-

194 4088 243 4114 “
273 4082 446 4149 sulis,
471 4098 710 4156 aequum
749 4087 840 4136 est
877 4087 948 4137 ut
993 4078 1102 4137 tibi
1129 4078 1214 4147 id,
1223 4080 1401 4171 ‘quod
1441 4079 1735 4154 optimum
1778 4078 1981 4143 fuerit,
2027 4094 2406 4173 expromam·-

191 4168 239 4194 “
272 4177 512 4239 nempe,
557 4161 608 4217 si
649 4165 1044 4225 trecentarum
1099 4158 1344 4221 navium
1385 4156 1629 4221 classem
1675 4158 1737 4215 in
1782 4155 2141 4217 Laconicam
2184 4158 2411 4215 miseris

1303 4240 1339 4293 3
1368 4255 1404 4302 ᾼ
1431 4240 1471 4299 2
