2925 4992
538 316 618 374 78
1095 307 1595 370 HERODOTI
1656 307 2027 370 HlsToR.
2090 308 2173 370 11.

535 471 696 549 quod
737 468 1090 530 vocabulum
1138 476 1342 527 nostro
1389 483 1663 526 sermone
1704 465 2005 544 significat
2046 468 2191 543 Regi
2232 487 2271 526 a
2306 470 2547 528 sinistra·
2576 487 2761 527 manu

533 558 757 610 stanter.
833 549 1022 608 Erant
1067 557 1269 605 autem
1293 546 1352 603 hi
1391 545 1683 621 AEgyptii,
1712 564 1789 604 ex
1826 547 2179 604 bellatorum
2226 548 2454 616 ordine,
2499 565 2761 606 numero

537 633 790 690 ducenta
833 627 1228 702 quadraginta
1275 625 1485 692 millia,
1524 626 1629 698 qui
1672 626 1747 682 ad
1788 625 2107 702 AEthiopes
2148 626 2483 684 defecerant
2525 629 2643 684 hac
2680 628 2764 686 de

535 726 759 770 caussa.
857 707 1170 780 Regnante
1209 704 1632 762 Psammiticho
1676 706 1945 778 proesidia
1980 707 2301 762 constituta
2334 714 2505 762 erant
2552 706 2759 782 AEgy-

535 789 821 866 ptiorum,
849 787 1128 850 adversus
1145 781 1473 857 AEthiopas,
1500 780 1563 839 in
1588 781 1987 857 Elephantine
2004 785 2259 859 oppido3
2306 786 2375 841 ad
2386 801 2585 842 versus
2604 785 2761 842 Ara-

535 869 644 928 bes
669 883 812 924 vero
849 872 912 922 et
951 862 1122 938 Syros
1163 861 1326 918 aliud
1365 860 1697 934 praesidium
1730 861 2005 936 Daphnis
2032 863 2384 930 Pelusiacis3
2430 879 2761 938 rursusque

537 945 699 1008 aliud
723 944 964 1009 Mareae,
992 941 1266 998 adversus
1293 938 1565 1012 Libyam.
1642 940 1723 996 Et
1746 959 1881 998 mea
1902 942 2085 998 etiam
2125 948 2299 998 oetate
2322 942 2515 999 adhuc
2538 943 2760 1000 eodem

537 1023 722 1086 modo
747 1041 810 1080 se
835 1022 1056 1078 habent
1100 1020 1411 1076 Persarum
1455 1018 1725 1092 praesidia
1764 1028 1943 1094 atque
1984 1021 2129 1078 olim
2170 1020 2285 1078 sub
2324 1018 2761 1078 Psammiticho

539 1109 742 1164 erant:
785 1117 924 1158 nam
965 1106 1029 1156 et
1069 1097 1477 1169 Elephantine
1520 1098 1581 1154 in
1624 1098 1889 1171 praesidio
1921 1107 2063 1156 sunt
2092 1099 2311 1164 Persae,
2348 1107 2411 1156 et
2452 1097 2759 1173 Daphnis-

539 1179 680 1244 sam
703 1178 1023 1256 AEgyptiis‚
1049 1178 1153 1252 qui
1179 1184 1322 1232 tunc
1347 1175 1779 1250 Elephantinen
1826 1175 2015 1234 tribus
2050 1179 2347 1234 continuis
2386 1178 2555 1234 annis
2602 1195 2762 1252 prae·

539 1261 696 1323 sidio
734 1265 1060 1322 tenuerant,
1119 1272 1292 1312 nemo
1335 1255 1577 1312 advenit
1618 1255 1723 1328 qui
1766 1256 1849 1312 eis
1883 1257 1945 1313 in
1984 1257 2323 1330 praesidium
2372 1256 2715 1314 succederet
2738 1278 2756 1314 t

541 1341 742 1416 itaque
783 1337 868 1403 hi,
919 1353 980 1392 re
1019 1335 1359 1400 deliberata,
1387 1334 1695 1392 communi
1720 1335 1963 1392 consilio
2000 1352 2217 1393 omnes
2254 1353 2291 1392 a
2323 1334 2765 1392 Psammiticho

420 1431 431 1445 ‘
542 1418 948 1481 desciscentes,
977 1413 1052 1470 ad
1077 1411 1384 1485 AEthiopas
1417 1414 1787 1470 transierunt.
1864 1414 2003 1475 Qua
2024 1431 2089 1470 re
2122 1414 2384 1488 cognita,
2412 1413 2765 1472 Psammiti..

543 1495 850 1558 chusinus
875 1499 1214 1569 persecutus
1241 1498 1364 1548 est:
1410 1491 1835 1566 adsecutusque
1872 1493 2081 1550 multis
2110 1493 2305 1552 verbis
2348 1493 2543 1550 oravit
2582 1493 2763 1550 obte-

543 1585 848 1649 statusque
893 1580 1004 1637 est,
1033 1571 1248 1646 patrios
1283 1587 1360 1626 ne
1387 1570 1721 1629 desererent
1758 1570 1921 1637 deos,
1946 1579 2007 1628 et
2048 1571 2287 1635 liberos,
2312 1580 2489 1644 atque
2512 1588 2759 1628 uxores.

545 1655 664 1714 Cui
703 1671 896 1712 unum
935 1669 1010 1708 ex
1053 1650 1168 1716 his,
1212 1649 1489 1721 pudenda
1524 1649 1956 1716 ostendentem,
1984 1651 2349 1724 respondisse
2392 1650 2619 1716 ferunt,
2664 1651 2767 1708 ubi

545 1737 660 1796 ἧος
681 1739 873 1798 essent,
921 1730 998 1786 ibi
1039 1747 1145 1784 mm
1171 1727 1358 1802 defore
1381 1730 1513 1800 ipsis
1554 1727 1766 1796 liberos,
1791 1747 1891 1786 nec
1928 1746 2140 1786 uxores.
2223 1728 2309 1786 Hi
2348 1735 2669 1803 postquam
2694 1731 2767 1788 in

543 1811 907 1885 AEthiopiam
951 1825 1288 1882 pervenere,
1319 1806 1681 1868 tradiderunt
1726 1825 1790 1866 se
1830 1809 1959 1882 regi
1978 1807 2341 1881 AEthiopiaez
2382 1808 2487 1880 qui
2508 1807 2649 1864 illos
2674 1808 2765 1866 ita

545 1895 954 1950 remuneratus
995 1895 1100 1942 est.
1199 1886 1356 1942 Erat.
1377 1885 1464 1940 illi
1506 1903 1643 1942 cum
1683 1888 1985 1942 nonnullis
2016 1883 2361 1961 AEthiopum
2398 1887 2715 1943 contentio
2740 1909 2756 1944 t

537 1966 719 2042 jussit
745 1967 952 2043 igitur,
991 1972 1060 2020 ut
1101 1965 1212 2022 hos
1237 1960 1475 2020 sedibus
1516 1963 1635 2020 suis
1676 1965 1981 2039 pellerent,
2010 1973 2071 2022 et
2092 1981 2299 2022 eorum
2338 1971 2553 2022 terram
2579 1964 2762 2023 habi-

544 2057 758 2108 tarent.
841 2045 952 2110 lta,
975 2043 1278 2118 AEgyptiis
1302 2042 1458 2098 intra
1483 2043 1835 2117 AEthiopum
1856 2042 2007 2100 fines
2028 2043 2295 2120 receptis,
2320 2039 2585 2102 mitiores
2612 2043 2765 2102 facti

545 2134 688 2186 sunt
713 2123 1049 2195 AEthiopes,
1075 2137 1270 2178 mores
1297 2119 1671 2195 AEgyptiacos
1696 2122 1905 2182 edocti.

625 2199 726 2263 31.
767 2202 858 2261 Ad
882 2209 1136 2274 quatuor
1161 2200 1342 2276 igitur
1367 2201 1665 2258 mensium
1694 2201 2137 2276 navigationem
2170 2201 2447 2275 viamque
2482 2201 2771 2276 cognitus

545 2291 640 2344 eut
669 2283 855 2348 Nilus,
885 2280 1042 2336 ultra
1067 2297 1206 2336 eum
1231 2293 1474 2336 cursum
1498 2296 1677 2353 quem
1704 2296 1809 2353 per
1834 2279 2167 2354 AEgyptum
2194 2280 2450 2336 conficit.
2514 2277 2765 2340 Etenim

547 2363 777 2425 dierum
801 2375 1098 2416 summam
1123 2356 1481 2434 colligendo,
1506 2359 1780 2431 reperies,
1804 2365 1897 2414 tot
1920 2358 2307 2416 insumendus
2338 2375 2463 2414 esse
2502 2375 2768 2428 menses,

543 2442 602 2504 si
625 2441 760 2515 quis
787 2439 862 2496 ab
889 2433 1384 2512 Elephantinead
1414 2436 1526 2496 hos
1550 2436 1899 2494 Automoles
1926 2436 2179 2495 voluerit
2201 2435 2511 2511 proficisci.
2592 2437 2769 2496 Fluit

549 2528 752 2578 autem
779 2518 954 2578 Nilus
981 2533 1020 2574 a
1045 2532 1286 2587 vespera
1311 2522 1370 2572 et
1393 2515 1535 2572 solis
1560 2533 1791 2573 occasu.
1872 2515 2025 2576 Quae
2048 2533 2189 2572 vero
2213 2516 2371 2574 ultra
2394 2522 2557 2583 sunt,
2584 2533 2769 2576 nemo

547 2599 754 2668 novit:
801 2605 892 2654 est
916 2595 1076 2652 enim
1101 2593 1330 2650 deserta
1352 2600 1508 2650 terra
1534 2593 1613 2651 ob
1636 2595 1775 2652 solis
1804 2593 2118 2650 fervorem·
2738 2647 2747 2654 ,

629 2681 728 2734 32.
769 2675 1190 2732 Verumtamen
1214 2671 1406 2728 haecce
1427 2672 1631 2730 audivi
1654 2690 1727 2730 ex
1756 2672 2099 2730 hominibus
2125 2673 2427 2730 nonnullis
2444 2673 2767 2750 Cyn-enain,

545 2755 656 2830 qui
697 2772 759 2812 se
801 2753 1074 2810 dicebant
1113 2750 1187 2808 ad
1229 2750 1543 2810 Arnmonis
1567 2753 1793 2810 venisse
1830 2751 2159 2816 oraculum,
2212 2752 2411 2826 ibique
2455 2770 2770 2812 sermones

551 2833 856 2894 miscuisse
901 2847 1039 2887 cum
1088 2828 1382 2894 Etearcho,
1425 2848 1551 2906 rege
1588 2829 2013 2886 Ammonioram.
2091 2830 2251 2887 Tum
2290 2829 2465 2897 forte,
2510 2850 2587 2889 ex
2632 2833 2769 2890 aliis

551 2911 924 2974 sermonibus
949 2907 1224 2966 incidisse
1249 2925 1338 2974 se,
1369 2907 1621 2973 aiebant,
1644 2910 1707 2966 in
1732 2908 2277 2966 confabulationem
2300 2909 2373 2966 de
2396 2909 2561 2977 Nilo,
2590 2907 2769 2982 cuius

549 2993 747 3052 fontes
767 2989 984 3048 nemini
1003 2981 1124 3044 sint
1143 2987 1394 3062 cognitit
1427 2995 1485 3044 et
1502 2988 1715 3046 dixisse
1734 2988 2113 3053 Etearchum,
2138 2994 2181 3020 “
2200 2988 2424 3048 venisse
2444 2988 2599 3046 adse
2618 2991 2771 3048 olim

556 3077 604 3106 “
633 3069 904 3128 homines
926 3066 1289 3124 Nasamonas
1312 3069 1368 3122 :'’
1401 3070 1519 3139 (est
1542 3075 1743 3125 autem
1764 3067 1861 3124 hic
1880 3065 2137 3138 Libycus
2153 3067 2425 3140 populus,
2444 3067 2649 3142 Syrtin
2670 3064 2768 3126 in-

551 3149 780 3214 colens,
805 3154 868 3202 et
889 3155 1060 3202 terrae
1087 3151 1336 3202 tractum
1365 3163 1402 3200 a
1427 3143 1580 3220 Syrti
1602 3146 1887 3202 orientem
1910 3161 2111 3200 versus
2133 3145 2289 3200 haud
2316 3147 2399 3204 ita
2422 3147 2765 3221 magnum.)

551 3236 604 3290 ,“
633 3228 741 3284 hos
768 3226 1158 3289 Nasamonas,
1185 3222 1288 3278 ubi
1315 3240 1391 3278 ex
1415 3225 1501 3280 eis
1528 3224 1831 3296 quaesisset
1854 3239 1931 3280 an
1960 3221 2180 3296 aliquid
2194 3225 2455 3298 amplius
2478 3225 2773 3282 haberent

555 3313 600 3340 ‘⁶‘
623 3323 770 3380 quse.
801 3303 874 3360 dc
913 3303 1154 3358 desertis
1193 3301 1452 3358 dicerent
1478 3301 1703 3375 Libyae,
1734 3319 2019 3368 narrasse,
2042 3301 2251 3360 Fuisse
2292 3305 2445 3377 apud
2486 3319 2555 3360 se
2576 3304 2771 3378 dyna-

556 3391 602 3421 “
628 3391 850 3442 starum
879 3379 1270 3454 quorumdam
1313 3379 1466 3436 filios
1506 3382 1869 3453 petulantes;
1914 3381 2037 3454 qui,
2082 3389 2393 3456 postquam
2419 3382 2661 3440 virilem
2682 3391 2771 3440 at-

557 3468 603 3497 “
627 3461 904 3536 tigissent
943 3466 1198 3525 aetatem,
1225 3475 1411 3532 quum
1453 3460 1569 3514 alia
1606 3460 1891 3516 curiosius
1932 3459 2257 3516 machinati
2280 3461 2371 3516 sin
2380 3469 2423 3527 t,
2450 3472 2583 3518 tum
2628 3480 2773 3520 vero

557 3548 603 3576 “
631 3541 892 3615 quinque
933 3557 968 3594 e
1009 3553 1120 3594 suo
1170 3555 1420 3594 numero
1470 3546 1627 3594 sorte
1672 3537 2129 3612 designaverint,
2156 3539 2499 3596 solitudines
2548 3539 2769 3598 Africa

555 3626 602 3662 ζ’
627 3620 999 3684 lustraturoS,
1023 3633 1376 3690 operamque
1405 3616 1667 3683 daturos,
1690 3625 1761 3674 ut
1780 3617 1999 3688 aliquid
2028 3617 2281 3691 amplius
2302 3618 2567 3685 viderent
2582 3635 2768 3692 quam

559 3705 609 3734 “
629 3699 692 3756 hi
717 3698 820 3772 qui
855 3714 956 3755 cas
991 3712 1171 3769 quam
1205 3694 1555 3768 longissime
1596 3696 2032 3770 inspexissent.”
2096 3697 2282 3769 (Nam
2312 3695 2519 3769 Libyae
2565 3706 2769 3756 totum

554 3785 814 3838 tractum
837 3771 1160 3832 seeundum
1187 3791 1348 3830 mare
1373 3774 1607 3832 boreale
1648 3783 2001 3848 porrectum,
2026 3773 2103 3828 ab
2126 3775 2393 3849 AEgypto
2422 3775 2557 3832 inde
2578 3794 2773 3852 usque

551 3858 634 3918 ad
661 3852 1530 3925 Soloentempromontorium,
1571 3852 1677 3909 ubi
1710 3853 1927 3910 desinit
1966 3851 2185 3919 Africa,
2224 3853 2443 3927 Libyes
2465 3854 2769 3924 incolunt,

559 3943 622 3994 et
648 3935 824 3992 multi
848 3933 1085 4007 quidem
1111 3930 1317 4008 Libyci
1349 3932 1575 4005 populi,
1602 3939 1817 4004 praeter
1842 3949 1937 3988 eas
1966 3939 2163 4004 partes
2188 3950 2335 4005 quas
2362 3933 2555 3990 Graeci
2590 3941 2772 4007 atque

557 4013 870 4074 Phoenices
911 4011 1194 4068 obtinent.
1272 4011 1422 4072 Quae
1443 4025 1585 4066 vero
1610 4027 1790 4084 supra
1810 4027 1979 4066 oram
1998 4011 2353 4068 maritimam
2372 4012 2489 4068 sita
2514 4019 2683 4080 sunt,
2712 4018 2776 4068 et

553 4109 742 4166 supra
761 4107 970 4152 eorum
996 4088 1309 4148 hominum
1335 4087 1623 4146 ditionem
1648 4105 1901 4163 quorum
1934 4088 2101 4146 sedes
2130 4105 2325 4164 usqne
2346 4089 2419 4146 ad
2446 4105 2772 4164 mareper-

425 4245 446 4270 5
555 4173 788 4244 tinent,
833 4169 1132 4243 superiora
1154 4167 1268 4226 ista
1280 4161 1491 4243 Libye
1506 4185 1547 4226 a
1566 4166 1709 4228 feris
1735 4167 2103 4228 habitantur:
2146 4183 2325 4245 supra
2341 4185 2487 4228 vero
2508 4175 2771 4230 tmctum
