2925 4992
968 322 1426 403 BUTERPE.
2191 346 2297 407 in

136 492 375 555 domiuus
398 504 553 557 esset
574 496 737 557 illius
780 497 881 574 qui
930 498 1281 573 accepissetz
1324 501 1374 557 si
1400 500 1534 575 quis
1559 516 1724 569 vero,
1755 500 1854 577 qui
1895 500 2038 560 illud
2085 504 2310 583 pignus

136 576 373 645 dedisset,
400 578 669 643 debitum
697 578 921 635 solvere
960 579 1173 647 nollet,
1199 596 1333 635 eum
1374 596 1482 635 nec
1527 580 1744 655 ipsum,
1791 598 1976 656 quum
2013 584 2139 641 vita
2166 585 2300 642 fun·-

132 662 235 713 ctus
274 662 441 725 esset,
486 658 553 713 in
588 663 837 731 paterno
884 656 1155 731 sepulcro
1195 666 1299 713 aut
1341 657 1405 713 in
1459 654 1575 714 alio
1621 659 1748 716 ullo
1789 662 2043 733 sepeliri,
2091 678 2202 719 nec
2249 664 2308 719 ei

132 733 273 791 licere
295 748 676 811 quemquam·
695 751 962 802 suorum,
991 738 1092 810 qui
1118 736 1435 793 defunctus
1476 744 1648 803 esset,
1675 739 1936 813 sepelire.
2019 740 2306 815 Superare

135 820 299 869 autem
340 816 677 889 cupientem
736 816 893 870 hunc
921 832 1131 891 regem
1170 832 1271 871 eos
1318 814 1437 889 qui,
1458 825 1592 872 ante
1619 816 1812 889 ipsum
1842 818 1903 873 in
1926 810 2185 895 AEgypto
2215 836 2306 875 re-

133 902 389 965 gnassent,
416 902 879 951 monumentum
924 894 1017 949 sui
1044 894 1345 969 reliquisse
1371 894 1736 969 pyramidem
1777 912 1810 951 e
1841 895 2124 955 lateribus
2165 914 2307 955 con-

136 969 332 1038 fectam,
358 972 417 1027 in
443 990 566 1047 qua
606 980 693 1029 est
734 972 1037 1047 inscriptio
1074 972 1258 1047 lapidi
1301 972 1616 1046 insculpta,
1641 972 1704 1029 in
1736 974 1889 1031 hanc
1917 978 2262 1035 sententiam
2285 986 2308 1033 ε

137 1047 205 1103 Ne
224 1066 295 1105 me
317 1050 598 1123 conserens·
622 1068 745 1107 cum
774 1052 1001 1123 lapideis
1035 1051 1409 1123 pyramidibus
1449 1058 1789 1107 contemnas:
1831 1060 1982 1108 tanto
2009 1058 2148 1111 enim
2176 1054 2310 1111 illae

137 1128 373 1195 antee-ello,
402 1136 612 1201 quanto
640 1130 875 1203 reliquos
901 1130 1023 1185 deos
1049 1124 1291 1203 Jupiter.
1373 1130 1524 1186 Nam
1565 1136 1718 1189 conto
1743 1134 1801 1186 in
1827 1132 2050 1207 paludis
2057 1132 2306 1209 fundum

134 1204 333 1273 subacto,
360 1208 633 1281 quidquid
661 1209 766 1263 lati
794 1214 953 1263 conto
990 1208 1219 1263 adkaesit
1259 1208 1592 1281 colligentes,
1622 1210 1744 1265 inde
1773 1210 2264 1289 latercsfinxerunt
2283 1231 2305 1269 .··

135 1289 265 1355 atque
286 1286 379 1341 hoc
404 1289 565 1342 modo
596 1305 679 1343 me
700 1286 1062 1361 perfecerunt.
1142 1286 1291 1342 Haec
1316 1286 1391 1343 ab
1420 1287 1523 1344 illo
1551 1294 1734 1363 gesta.

200 1367 311 1427 137.
346 1364 490 1423 Post
514 1366 683 1421 hunc
724 1382 865 1421 vero
908 1382 1184 1443 regnasse
1226 1365 1419 1421 virum
1464 1384 1685 1423 caecum
1727 1384 1800 1423 ex
1845 1367 2024 1445 Anysi
2067 1368 2309 1445 oppid0,

135 1440 208 1496 cui
230 1460 435 1499 nomen
466 1446 688 1517 Anysis.
791 1442 927 1500 Hoc
974 1450 1275 1519 regnante,
1304 1444 1535 1519 ingenti
1559 1444 1876 1502 hominum
1903 1465 2087 1505 manu
2113 1448 2312 1525 AEgy-

134 1524 270 1591 plum
305 1522 594 1579 invasisse
638 1519 943 1597 AEthiopes
985 1530 1045 1579 et
1083 1522 1349 1592 Sabocon,
1382 1540 1582 1598 regem
1613 1524 1987 1597 AEthiopum.
2067 1526 2326 1586 Caecum·

136 1597 287 1673 igitur
306 1600 463 1657 hunc
490 1602 647 1677 fuga
670 1616 733 1657 se
760 1602 819 1657 in
844 1600 1089 1675 paludes
1128 1602 1435 1675 recepisse,
1465 1600 1926 1676 AEthiopemque
1952 1606 2016 1661 in
2044 1604 2315 1681 AEgypto

135 1692 365 1751 regnasse
406 1695 607 1736 annos
634 1680 1103 1756 quinquaginta3
1146 1679 1302 1734 intra
1342 1696 1492 1753 quos
1535 1696 1724 1735 annos
1753 1688 1921 1755 gesta
1953 1682 2028 1739 ab
2072 1700 2142 1739 eo
2183 1700 2316 1743 esse

138 1753 307 1815 haecce.
384 1758 643 1819 Quoties
670 1759 879 1833 aliquis
906 1758 1331 1833 AEgyptiorum
1358 1756 1660 1833 quidpiam
1692 1758 2049 1835 deliquisset,
2075 1759 2332 1821 nulluus

136 1849 299 1892 eorum
324 1836 589 1895 voluisse
615 1837 809 1911 capite
834 1831 1123 1912 plectere;
1172 1835 1271 1893 sed
1314 1852 1419 1910 pro
1461 1836 1692 1893 ratione
1730 1838 1930 1896 delicti
1958 1844 2314 1900 sententiani

134 1916 537 1984 pronunciasse,
572 1916 957 1989 imperantem
1000 1923 1071 1972 ut
1114 1911 1359 1989 quisque
1386 1914 1852 1989 delinquentium
1900 1936 2178 1995 aggerem
2208 1920 2313 1977 ad·-

136 2002 323 2063 gereret
348 1994 417 2050 ad
446 1995 739 2069 oppidum
762 1989 924 2051 u'nde
964 2000 1134 2049 esset.
1214 1993 1405 2068 Atque
1444 1994 1530 2049 ita
1568 1996 1781 2069 oppida
1821 1996 1978 2053 facta
2004 2007 2140 2069 suut
2165 1999 2310 2057 sub-

136 2068 363 2128 limiora:
405 2074 638 2130 etenim
682 2073 873 2145 primo
919 2072 1165 2147 adgesta
1203 2070 1397 2129 fuerat
1436 2079 1592 2129 terra
1627 2073 1700 2129 ab
1741 2062 1852 2141 his,
1885 2078 1984 2149 qui
2032 2086 2316 2153 regnante

139 2145 345 2207 Sesostri
390 2152 589 2209 fossas
644 2150 997 2223 effoderant3
1046 2150 1179 2207 dein
1221 2150 1436 2208 iterum
1491 2152 1632 2209 sub..
1654 2152 1942 2228 AEthiope
1991 2156 2313 2215 admodum

138 2235 246 2283 sunt
268 2230 540 2290 exaltata.
620 2226 751 2286 Prae
780 2227 1004 2287 caeteris
1040 2236 1241 2287 autem
1272 2230 1524 2305 oppidis,
1553 2246 1805 2307 quorum
1852 2234 2122 2291 omnium
2149 2236 2315 2293 exal·

139 2310 292 2365 tatum
316 2318 401 2366 est
426 2310 651 2375 solum,
684 2310 938 2365 maxime
966 2306 1210 2384 adgesta
1248 2316 1402 2365 terra
1427 2317 1517 2365 est
1542 2310 1616 2365 ad
1641 2309 1932 2367 Bubastia
1956 2312 2164 2371 urbem
2189 2340 2204 2385 3
2251 2314 2315 2371 in

133 2390 230 2455 qua
251 2396 330 2443 est
354 2390 537 2445 etiam
566 2388 856 2463 templum
894 2385 1253 2454 Bubastidis,
1282 2395 1614 2445 memoratu
1653 2388 2084 2463 dignissimum.
2165 2388 2316 2449 Sunt

52 2496 54 2499 <
138 2463 264 2521 enim
288 2475 342 2521 et
364 2468 482 2525 alia·
507 2466 754 2540 quidem
780 2466 1007 2541 templa
1030 2466 1315 2539 ampliora
1340 2474 1399 2521 et
1414 2467 1860 2539 sumtuosiora3
1907 2468 2005 2524 sed
2035 2468 2320 2543 adspectu·

139 2542 332 2601 nullum
356 2546 469 2603 hoc
490 2546 832 2619 jucundius,
928 2544 1039 2601 Est
1078 2551 1277 2601 autem
1321 2546 1600 2617 Bubastis,
1641 2546 1986 2605 Graecorum
2027 2566 2316 2620 sermone,

140 2618 324 2681 Diana.
1653 2642 1658 2647 “

164 2704 315 2758 ·138.
352 2699 547 2775 Cuius
598 2703 888 2779 templum
936 2703 1022 2759 ita
1072 2709 1479 2779 comparatum
1531 2712 1642 2761 est.
1711 2704 1940 2764 Praetcr
1987 2706 2313 2778 introitum,

138 2778 389 2853 reliquum
432 2791 635 2841 totum
674 2783 873 2838 insula
900 2788 1021 2837 est:
1066 2780 1243 2838 fossae
1269 2784 1431 2839 enim
1458 2800 1531 2839 ex
1555 2784 1700 2841 Nilo
1728 2786 1950 2842 circum
1978 2786 2170 2845 ductae
2195 2807 2315 2849 non

136 2857 421 2918 miscentur
465 2863 659 2919 altera
701 2862 889 2927 alteri,
936 2858 1035 2915 sed
1081 2867 1328 2935 utraque
1370 2878 1556 2936 usque
1599 2863 1672 2919 ad
1718 2865 2025 2921 introitum
2069 2861 2318 2939 pertinet

139 2938 345 3011 templi3
392 2942 583 2997 altera
610 2940 685 2996 ab
711 2958 831 2996 uno
858 2940 1063 3004 latere,
1095 2938 1278 2997 altera
1318 2940 1393 2997 ab
1435 2942 1620 2997 altero
1661 2942 2112 2999 circumfluens:
2155 2957 2317 3002 utra—

138 3028 229 3084 que
250 3032 479 3077 centum
502 3018 685 3093 pedes
709 3028 920 3093 patens
936 3018 999 3074 in
1020 3014 1415 3085 latitudinem,
1440 3019 1748 3077 arboribus
1777 3021 2126 3079 inumbrata.
2169 3023 2316 3081 Pro·

137 3092 293 3165 pylaea
314 3098 384 3155 ad
408 3097 811 3173 quadraginta
850 3096 1185 3153 cubitorum
1226 3096 1600 3155 altitudinem
1641 3106 1910 3173 surgunt,
1940 3100 2146 3173 figuris
2186 3120 2317 3159 sex·

140 3170 455 3233 cubitalibus
485 3184 823 3234 memoratu
848 3175 1046 3251 dignis
1074 3183 1299 3231 ornata.
1385 3178 1589 3237 Quum
1621 3178 1694 3233 sit
1722 3178 2008 3251 templum
2035 3179 2098 3233 in
2123 3182 2320 3238 media

139 3248 276 3319 urbe,
300 3256 563 3331 undique
592 3254 952 3329 conspicitur
991 3272 1067 3311 ex
1106 3262 1236 3311 toto
1276 3254 1524 3311 circuitu
1551 3280 1562 3312 :
1609 3273 1752 3311 nam
1781 3272 1961 3331 quum
1991 3256 2192 3333 oppidi
2219 3276 2317 3316 so-

139 3325 242 3385 lum
266 3349 478 3409 aggere
511 3335 757 3409 adgesto
788 3334 865 3389 sit
884 3332 1231 3401 exaltatum,
1248 3334 1538 3407 templum
1565 3343 1788 3402 autem,
1812 3354 1884 3391 ex
1913 3350 2032 3409 quo
2058 3338 2318 3411 primum

137 3414 491 3483 exstructum,
526 3431 645 3469 non
682 3420 978 3469 mutatum
1020 3412 1221 3478 fuerit,
1250 3411 1513 3487 undique
1552 3414 1889 3489 conspectui
1928 3423 2106 3489 patet.
2190 3416 2319 3476 cir-

138 3488 453 3548 cumductus
509 3500 599 3549 est
642 3491 867 3565 templo
904 3506 1139 3558 murus,
1164 3490 1371 3567 figuris
1398 3492 1743 3567 insculptis:
1791 3501 1882 3549 est
1916 3500 2112 3552 autem
2157 3495 2318 3555 intus

140 3562 529 3628 altissimarum
579 3570 858 3627 arborum
897 3570 1093 3636 lucus,
1142 3569 1297 3625 circa
1339 3567 1524 3627 aedem
1565 3588 1848 3647 magnam
1891 3572 2209 3646 plantatus,
2253 3578 2318 3633 in

138 3656 235 3713 qua
254 3644 402 3705 inest
426 3650 553 3706 deae
584 3649 985 3705 simulacrum.
1064 3648 1346 3707 Latitudo
1388 3655 1445 3705 et
1486 3648 1794 3725 longitudo
1821 3652 2027 3727 templi
2053 3646 2220 3709 omni
2246 3666 2320 3711 ex

140 3729 279 3791 parte
304 3728 560 3784 stadium
586 3728 845 3785 metitur.
925 3726 996 3783 In
1021 3726 1268 3783 introitu
1295 3733 1479 3783 strata
1503 3726 1699 3801 lapide
1737 3730 1835 3787 via
1873 3738 1960 3786 est
1987 3730 2170 3791 trium
2201 3732 2323 3789 fere

140 3800 431 3867 stadiorum
456 3807 859 3883 longitudine,
881 3822 983 3881 per
1008 3806 1205 3863 forum
1232 3804 1428 3862 ferens
1454 3806 1742 3865 orientem
1759 3824 1959 3865 versus
1984 3832 1994 3865 ε
2041 3808 2318 3881 quadrin-

140 3888 322 3949 gentos
334 3886 525 3959 pedes
552 3892 757 3960 patens
796 3884 859 3940 in
899 3880 1295 3951 latitudinem,
1322 3884 1624 3963 utrimque
1665 3888 1972 3945 arboribus
1997 3887 2220 3943 consita
2246 3890 2321 3947 ad

142 3958 331 4017 coelum
382 3966 665 4037 porrectis
684 3989 701 4035 3
762 3962 881 4019 fert
932 3972 1132 4021 autem
1184 3964 1259 4021 ad
1311 3962 1588 4021 Mercurii
1643 3968 1950 4043 templum.
2031 3964 2178 4023 Haec
2231 3979 2320 4027 est

145 4038 323 4110 templi
347 4039 527 4113 hujus
554 4044 718 4099 ratio.

213 4118 331 4174 139.
368 4121 458 4177 Ad
499 4130 832 4179 extremum
870 4138 1009 4195 vero
1049 4120 1317 4199 AEgypto
1357 4118 1669 4181 excessisse
1709 4122 1942 4181 aiebant
1973 4120 2316 4203 AEthiopem

144 4188 239 4248 hac
272 4200 587 4260 occasione.
666 4200 811 4257 Viso
855 4208 1143 4261 nocturno
1187 4202 1480 4274 territum,
1523 4203 1668 4279 fuga
1695 4217 1756 4261 se
1785 4196 2098 4279 recepisse2
2148 4208 2317 4263 visus
