2925 4992
1074 264 1448 337 namu.
1761 214 1772 223 ’
1827 322 1836 333 .
2245 282 2368 341 387

174 432 239 489 ad
273 423 714 509 Hellespontum
756 433 1031 502 fuissent,
1059 433 1359 493 altercatio
1396 432 1667 510 quaedam
1706 433 2111 502 interCess‘erit,
2141 434 2355 491 confir-

174 518 322 568 mare'
340 515 609 587 equidem·
642 525 761 569 non
804 530 1065 587 possum,
1094 531 1205 571 nec
1230 524 1431 571 utrum
1460 513 1736 569 consulto
1765 514 1820 568 id
1862 514 2080 579 fecerit,
2110 532 2184 570 an
2212 530 2352 567 casu

171 599 297 646 tunc
322 593 569 647 maxime
596 592 1009 664 Calydensium
1038 593 1201 649 navis
1228 593 1282 649 ei
1310 594 1490 648 fuerit
1517 589 1763 662 objecta.
1825 592 1909 648 Ut
1935 589 2153 665 veroin
2183 592 2348 647 illam
2373 616 2378 621 ·

168 669 413 744 impegit,
430 676 673 744 eamque
698 670 1009 745 depressit,
1034 672 1317 746 singulari
1337 672 1616 729 felicitate
1633 686 1761 737 usa,
1781 671 1998 743 duplex
2017 670 2158 727 inde
2183 688 2344 726 com·

169 746 388 804 modum
436 751 650 805 retulit.
730 748 887 806 Nam
924 750 1131 806 Atticae
1160 751 1327 806 navis
1354 751 1725 814 trierarehuS,
1755 749 1860 805 ubi
1900 750 2063 805 illam
2091 749 2240 806 vidit
2279 749 2346 805 in

167 844 353 882 navem
385 828 693 883 hominum·
726 828 1104 884 barbarorum
1134 828 1325 884 facere
1348 832 1659 901 impetum,
1691 837 1852 884 ratus
1877 829 2202 884 Artemisiae
2241 845 2345 884 na-

166 922 283 960 vem
304 918 423 961 esse
438 908 863 972 Graecanicam,
888 915 990 963 aut
1016 924 1053 962 a
1071 906 1341 963 Barbaris
1368 908 1439 963 ad
1464 909 1700 963 Grae'eos
1721 908 2096 983 transfugere
2115 914 2176 963 et
2201 906 2344 980 ipsis
2385 972 2394 981 ,

167 1000 493 1051 succurrere,
525 982 739 1041 omissa
768 986 888 1051 illa,
918 987 1059 1042 alias
1088 982 1484 1043 Barbarorum
1515 1002 1690 1042 naves
1719 986 1901 1059 petiit.

232 1066 315 1119 88.
357 1064 557 1139 ltaque
590 1066 701 1120 hoc
733 1066 989 1139 primum·
1029 1064 1130 1120 iila
1168 1066 1546 1121 commodum
1588 1073 1904 1121 consecuta
1931 1071 2038 1131 est,
2067 1073 2137 1121 ut
2163 1063 2344 1135 ,salva

166 1144 421 1199 evaserit:
467 1146 713 1216 insuper
753 1154 889 1199 vero
928 1142 1117 1199 eidem
1162 1144 1429 1218 contigit,
1456 1152 1547 1209 ut,
1577 1159 1759 1217 quum
1787 1144 2008 1199 damno
2037 1144 2346 1200 adfecisset

161 1236 362 1295 regem,
392 1222 467 1277 ob
497 1222 558 1279 id
599 1222 795 1296 ipsum
836 1221 1061 1277 factum
1104 1223 1359 1277 maxime
1388 1224 1463 1277 ab
1491 1223 1700 1278 eodem
1724 1221 2080 1279 laudaretur.
2161 1223 2344 1279 Aiunt

163 1298 321 1367 enim,
349 1318 527 1375 quum
571 1317 840 1376 pugnam
879 1300 1107 1357 Xerxes
1152 1308 1458 1374 spectaret,
1498 1300 1972 1357 animadvertisse
2013 1319 2148 1357 eum
2188 1302 2342 1357 hanc

160 1392 350 1435 navem
390 1381 451 1435 in
490 1380 739 1435 alteram
780 1380 1250 1455 impingentem:
1295 1396 1599 1453 quumque
1639 1378 1997 1435 adstantium
2039 1379 2246 1453 aliquis
2286 1380 2345 1436 ei

158 1454 399 1524 dixisset,
442 1461 487 1491 ‘⁶'
517 1458 717 1523 Vides,
763 1456 1026 1524 domine,
1072 1474 1246 1532 quam
1292 1458 1524 1515 fortiter
1563 1459 1876 1515 Artemisia
1927 1465 2176 1533 pugnet,
2209 1475 2342 1531 quae

159 1536 197 1567 “
220 1552 411 1593 navem
452 1536 633 1594 etiam
680 1537 952 1593 hostilem
994 1537 1275 1610 depressit
1296 1536 1351 1592 !’'
1397 1536 1672 1611 quaesisse
1699 1537 1891 1607 illum,
1925 1544 1965 1569 “
1994 1554 2238 1593 vere-ne
2265 1539 2344 1593 sit

158 1618 195 1644 “
216 1614 319 1670 hoc
354 1617 684 1672 Artemisiae
722 1615 947 1672 factum
969 1618 1032 1671 Υ·
1073 1617 1166 1671 cui
1206 1614 1337 1671 illos
1382 1616 1771 1688 respondisse,
1802 1621 1844 1647 “
1872 1616 2050 1689 piane
2077 1632 2140 1671 se
2165 1632 2342 1672 nosse
2367 1658 2374 1665 .

160 1697 197 1732 “
218 1692 370 1750 na'vis
414 1695 707 1770 insigne.”
790 1693 1219 1751 Existimabam
1269 1695 1330 1751 hi
1376 1704 1578 1750 autem
1619 1694 1894 1750 hostilem
1939 1712 2065 1750 esse
2107 1711 2340 1761 navem,
2425 1724 2434 1735 ·

157 1786 311 1843 qnam
339 1773 435 1830 ina
458 1774 856 1847 depressisset.
938 1774 1095 1829 Nam
1122 1780 1182 1829 et
1210 1772 1343 1840 alia,
1372 1782 1440 1829 ut
1466 1774 1691 1829 dictum
1724 1781 1831 1840 est,
1859 1772 2107 1828 feliciter
2134 1773 2340 1829 cices-

158 1856 355 1923 serant,
378 1861 434 1908 et
460 1854 599 1919 hoc,
627 1854 783 1926 quod
809 1870 881 1929 e}
908 1852 1228 1925 Calyndica
1270 1853 1404 1907 navi
1442 1870 1618 1908 nemo
1646 1870 1804 1908 unus
1844 1852 2042 1907 salvus
2069 1854 2342 1918 evaserit,

157 1930 244 2003 qui
279 1940 547 1987 accusare
584 1932 749 1988 illam
792 1931 1095 2005 potuisset.
1176 1930 1383 2005 Itaque
1406 1930 1634 1987 Xerxes
1663 1931 1733 1987 ad
1763 1948 1850 1997 ea,
1877 1948 2009 2003 quae
2052 1931 2106 1987 ei
2132 1931 2207 1987 ab
2247 1931 2341 1987 his
2409 1988 2416 2000 ,

156 2008 292 2065 dicta
314 2019 498 2077 erant,
531 2010 645 2066 hoc
669 2010 915 2066 verbum
943 2010 1189 2066 edidisse
1216 2009 1435 2065 fertur:
1487 2014 1528 2041 “
1555 2010 1680 2065 Viri
1707 2010 1856 2065 mihi
1878 2009 2018 2065 facti
2041 2017 2182 2065 sunt
2208 2027 2342 2067 mu-

161 2089 199 2117 “
221 2088 410 2160 lieres;
452 2090 733 2145 mulieres
761 2104 917 2155 vero,
941 2088 1105 2145 viri.”
1189 2088 1323 2145 Hoc
1349 2106 1383 2143 a
1408 2088 1608 2145 Xerxe
1635 2088 1856 2145 dictum
1888 2096 2263 2144 memoratur.

223 2170 309 2226 89.
355 2169 423 2225 In
468 2170 587 2226 hoc
624 2176 823 2225 autem
866 2168 1067 2240 praelio
1106 2168 1387 2225 occubuit
1412 2168 1536 2223 dux
1563 2168 1934 2242 AriabigneS,
1963 2166 2133 2221 Darii
2161 2166 2338 2232 filius,

156 2242 315 2302 frater
356 2247 619 2305 Xerxis:
676 2242 973 2303 occubuere·
1013 2244 1155 2302 item
1202 2246 1305 2301 alii
1353 2246 1517 2301 vitelli
1568 2245 1822 2301 illustres
1874 2245 1985 2299 viri
2037 2262 2105 2299 ex
2159 2245 2344 2301 Persis

156 2322 422 2400 Medisque
449 2334 515 2384 et
541 2338 614 2382 cx
638 2342 845 2383 eorum
872 2324 1081 2380 sociis:
1128 2342 1199 2379 ex
1228 2324 1449 2379 Graecis
1475 2341 1610 2380 vero
1635 2326 1816 2396 pauci.
1859 2322 1942 2377 Hi
1969 2322 2126 2377 enim
2154 2339 2342 2394 quum
2369 2372 2374 2381 .

154 2412 322 2459 essent
346 2406 591 2462 natandi
615 2403 811 2477 periti,
830 2404 879 2459 si
906 2421 1037 2477 quae
1058 2420 1263 2459 eorum
1295 2403 1457 2458 navis
1481 2403 1674 2477 periit,
1693 2407 1981 2477 quotquot
2006 2417 2124 2456 non
2153 2419 2342 2459 manu

150 2478 453 2542 ceciderunt
514 2485 796 2549 hostium,
839 2482 911 2538 ad
966 2478 1323 2539 Salaminem
1389 2489 1744 2539 enatarunt}
1821 2488 1882 2536 at
1943 2478 2342 2539 Barbarorum

151 2559 409 2637 plerique,
442 2564 685 2620 natandi
730 2560 1009 2635 imperiti,
1044 2560 1107 2616 in
1145 2560 1295 2617 mari
1334 2560 1575 2633 periere.
1655 2560 1736 2617 Et
1782 2566 2093 2633 postquam
2133 2560 2368 2633 primae.

153 2654 313 2697 naves
328 2642 387 2698 in
416 2643 633 2717 fugam
648 2649 819 2697 erant
841 2656 1041 2705 versae,
1064 2646 1193 2693 inm
1221 2656 1361 2694 vero
1386 2638 1664 2711 plurimae
1681 2645 1970 2711 corruptae
1993 2644 2128 2693 sunt
2153 2652 2170 2693 e
2199 2655 2362 2693 nam·

152 2718 239 2789 qui
260 2736 403 2793 pone
430 2727 607 2777 erant
638 2716 831 2784 locati,
862 2719 923 2774 hi
952 2734 1135 2791 quum
1163 2717 1413 2773 navibus
1438 2718 1502 2773 in·
1525 2719 1822 2773 anteriora
1859 2716 2134 2791 progredi
2159 2734 2342 2773 cona-

152 2806 351 2867 rentur,
378 2802 601 2875 quippe
628 2808 685 2854 et
720 2798 829 2873 ipsi
864 2797 1207 2872 praeclarum
1250 2796 1486 2870 aliquod
1530 2796 1754 2853 facinus
1787 2796 1912 2870 regi
1936 2796 2247 2862 ostensuri,
2275 2796 2342 2852 in

151 2890 369 2935 suorum
396 2892 579 2935 naves
608 2876 968 2953 fugientium
994 2875 1347 2931 inciderunt.

220 2956 309 3013 90.
346 2954 413 3015 In
458 2956 674 3014 eodem
720 2955 983 3012 tumultu
1034 2954 1145 3010 hoc
1191 2954 1368 3009 etiam
1410 2953 1638 3009 accidit.
1723 2953 2024 3009 Phoenices
2074 2952 2337 3025 quidam,

149 3049 383 3105 quorum
435 3052 619 3092 naves
672 3034 982 3109 perierant,
1027 3032 1099 3088 ad
1155 3049 1355 3107 regem
1409 3032 1746 3088 accedentes
1799 3032 2144 3087 calumniati
2198 3040 2341 3088 sunt

148 3108 324 3180 Iones„
354 3122 661 3188 tamquam
706 3130 813 3189 per
852 3130 1058 3168 eorum
1103 3110 1491 3184 proditionem
1541 3110 1846 3184 periissent
1895 3128 2085 3166 naves,
2164 3110 2341 3167 Forte

150 3188 367 3250 fortuna
410 3203 616 3263 autem
660 3194 745 3250 ita
786 3189 997 3247 cecidit
1040 3206 1151 3255 res,
1194 3198 1261 3245 ut
1313 3189 1532 3245 Ionum
1585 3189 1758 3245 duces
1804 3188 1950 3244 nihil
1989 3185 2131 3244 mali
2173 3198 2340 3262 pate-

147 3280 435 3338 rentur„et
463 3273 769 3330 Phoenices
795 3269 1221 3346 calumniantes
1248 3268 1470 3324 hancce
1497 3268 1823 3325 mercedem
1854 3268 2094 3324 ferrent.
2174 3269 2340 3325 Dum

146 3347 225 3405 illi
248 3352 431 3409 adhuc
458 3352 578 3408 ista
604 3352 831 3414 dicunt,
860 3349 922 3403 in
964 3365 1147 3403 unam
1174 3365 1245 3404 ex
1272 3343 1717 3403 Atheniensium
1749 3347 1996 3402 navibus
2039 3346 2208 3404 irruit
2237 3350 2342 3403 n'a-

145 3427 225 3483 vis
251 3426 714 3488 Samothracica:
776 3436 835 3484 et
862 3426 1005 3483 dum
1040 3427 1329 3502 mergitur
1366 3426 1558 3482 Attica
1602 3426 1789 3492 naviS,
1819 3425 2136 3487 adcurrens
2177 3426 2342 3483 navis

146 3505 467 3583 AEginensis
524 3507 797 3581 deprimit
842 3505 1356 3562 Samothracicam.
1434 3504 1488 3560 T
1493 3520 1594 3559 nm
1634 3522 1774 3560 vero
1799 3501 2238 3570 Samothraces,
2272 3512 2344 3559 ut

148 3586 370 3644 solertes
398 3584 872 3663 jaculatoresqde
913 3581 1048 3641 navi
1086 3600 1217 3657 quae
1255 3584 1518 3656 ipsorum
1557 3600 1768 3639 navem
1809 3582 2168 3655 depresserat
2193 3599 2339 3639 con-

139 3657 295 3731 iectis
334 3668 469 3724 telis
517 3666 901 3723 deturbarunt
949 3668 1439 3737 propugnatore5‚
1480 3678 1807 3735 navemque
1849 3662 2352 3725 conscenderunt‚·

146 3758 314 3817 eaque
346 3746 522 3820 potiti
566 3752 719 3801 sunt.
782 3741 870 3799 ·ld
908 3742 1135 3799 factum
1181 3740 1353 3796 Iones
1394 3741 1664 3797 servavit.
1748 3740 1832 3796 Ut
1856 3740 2014 3795 enim
2041 3758 2166 3795 rem
2192 3755 2340 3812 prae·

144 3818 285 3880 clare
322 3825 397 3881 ab
444 3825 538 3881 his
586 3829 813 3900 gestam
842 3820 1070 3877 Xerxes
1110 3819 1280 3884 vidit,
1307 3820 1455 3876 iram
1495 3836 1666 3875 suam
1707 3819 1767 3874 in
1804 3818 2104 3874 Phoenices
2143 3818 2358 3883 vertit,-

142 3901 343 3975 quippe
370 3903 539 3960 valde
568 3900 936 3979 oegeranimi
962 3906 1025 3955 et
1062 3898 1359 3974 quoslibet
1397 3914 1680 3955 accusans
1708 3920 1720 3953 ι
1768 3897 2120 3968 illorumque
2145 3897 2341 3970 capita

132 3971 298 4045 jussit
338 3980 600 4056 praecidi,
631 3998 717 4046 ne,
745 3996 909 4051 quum
947 3980 1136 4051 ignavi
1178 3980 1286 4049 ipsi
1324 3984 1520 4043 essent,
1533 3976 1802 4051 fortiores
1843 3976 1988 4030 viros
2033 3975 2360 4039 calumnia--

139 4064 334 4114 rentur.
412 4061 643 4117 Xerxes
670 4059 853 4123 enim,
884 4074 921 4113 e
942 4057 1181 4132 regione
1207 4054 1517 4112 Salaminis
1543 4055 1746 4113 sedens
1788 4053 1849 4108 in
1876 4052 2099 4109 montis
2125 4054 2336 4121 radice,

138 4138 223 4191 cui
248 4138 531 4214 AEgaleos
556 4154 794 4203 nomen,
814 4136 1043 4209 quoties
1066 4134 1303 4207 aliquod
1334 4135 1566 4193 facinus
1588 4152 1623 4190 a
1651 4132 1772 4189 suis
1801 4130 2026 4191 editum
2055 4142 2334 4201 cerneret,

1151 4220 1187 4271 3
1221 4231 1257 4269 n
1284 4216 1323 4270 2
1418 4270 1430 4277 ,
