<?xml version="1.0" encoding="UTF-8"?>
<!DOCTYPE html PUBLIC "-//W3C//DTD XHTML 1.0 Transitional//EN"
    "http://www.w3.org/TR/xhtml1/DTD/xhtml1-transitional.dtd">
<html xmlns="http://www.w3.org/1999/xhtml" xml:lang="en" lang="en">
 <head>
  <title>
</title>
<meta http-equiv="Content-Type" content="text/html;charset=utf-8" />
  <meta name='ocr-system' content='tesseract 3.04.00' />
  <meta name='ocr-capabilities' content='ocr_page ocr_carea ocr_par ocr_line ocrx_word'/>
</head>
<body>
  <div class='ocr_page' id='page_1' title='image "./herodotihistori00schagoog_0438.png"; bbox 0 0 2925 4992; ppageno 0'>
   <div class='ocr_carea' id='block_1_1' title="bbox 522 284 2148 369">
    <p class='ocr_par' dir='ltr' id='par_1_1' title="bbox 522 284 2148 369">
     <span class='ocr_line' id='line_1_1' title="bbox 522 284 2148 369; baseline -0.001 -12"><span class='ocrx_word' id='word_1_1' title='bbox 522 300 643 357; x_wconf 75' lang='lat'><strong>⁴80</strong></span> <span class='ocrx_word' id='word_1_2' title='bbox 1088 295 1582 369; x_wconf 69' lang='lat' dir='ltr'><strong>Hmzonon</strong></span> <span class='ocrx_word' id='word_1_3' title='bbox 1631 294 1990 357; x_wconf 80' lang='lat' dir='ltr'><strong>ffls‘roR.</strong></span> <span class='ocrx_word' id='word_1_4' title='bbox 2039 284 2148 357; x_wconf 79' lang='lat' dir='ltr'><strong>lx.</strong></span> 
     </span>
    </p>
   </div>
   <div class='ocr_carea' id='block_1_2' title="bbox 521 434 2732 605">
    <p class='ocr_par' dir='ltr' id='par_1_2' title="bbox 521 434 2732 605">
     <span class='ocr_line' id='line_1_2' title="bbox 522 434 2732 530; baseline -0.003 -17"><span class='ocrx_word' id='word_1_5' title='bbox 522 462 567 489; x_wconf 88' lang='lat'><strong>“</strong></span> <span class='ocrx_word' id='word_1_6' title='bbox 590 452 903 513; x_wconf 70' lang='lat' dir='ltr'><strong>stultitiam</strong></span> <span class='ocrx_word' id='word_1_7' title='bbox 942 452 1113 513; x_wconf 51' lang='lat' dir='ltr'><strong>&amp;obis</strong></span> <span class='ocrx_word' id='word_1_8' title='bbox 1151 456 1516 515; x_wconf 72' lang='lat' dir='ltr'><strong>ostenderem</strong></span> <span class='ocrx_word' id='word_1_9' title='bbox 1554 448 1754 527; x_wconf 76' lang='lat' dir='ltr'><strong>Medi3</strong></span> <span class='ocrx_word' id='word_1_10' title='bbox 1799 456 1926 530; x_wconf 86' lang='lat' dir='ltr'><strong>qui,</strong></span> <span class='ocrx_word' id='word_1_11' title='bbox 1953 470 2134 530; x_wconf 84' lang='lat' dir='ltr'><strong>quum</strong></span> <span class='ocrx_word' id='word_1_12' title='bbox 2179 452 2284 511; x_wconf 84' lang='lat' dir='ltr'><strong>tali</strong></span> <span class='ocrx_word' id='word_1_13' title='bbox 2310 452 2504 510; x_wconf 84' lang='lat' dir='ltr'><strong>victus</strong></span> <span class='ocrx_word' id='word_1_14' title='bbox 2529 434 2732 525; x_wconf 74' lang='lat' dir='ltr'><strong>generi</strong></span> 
     </span>
     <span class='ocr_line' id='line_1_3' title="bbox 521 528 2730 605; baseline -0.004 -14"><span class='ocrx_word' id='word_1_15' title='bbox 521 541 565 567; x_wconf 79' lang='lat'><strong>‘⁶</strong></span> <span class='ocrx_word' id='word_1_16' title='bbox 592 541 747 591; x_wconf 69' lang='lat' dir='ltr'><strong>oeset</strong></span> <span class='ocrx_word' id='word_1_17' title='bbox 792 534 1087 601; x_wconf 85' lang='lat' dir='ltr'><strong>adsuetus,</strong></span> <span class='ocrx_word' id='word_1_18' title='bbox 1128 536 1199 591; x_wconf 86' lang='lat' dir='ltr'><strong>ad</strong></span> <span class='ocrx_word' id='word_1_19' title='bbox 1248 554 1355 593; x_wconf 88' lang='lat' dir='ltr'><strong>nos</strong></span> <span class='ocrx_word' id='word_1_20' title='bbox 1395 537 1578 599; x_wconf 84' lang='lat' dir='ltr'><strong>venit,</strong></span> <span class='ocrx_word' id='word_1_21' title='bbox 1617 535 1901 601; x_wconf 84' lang='lat' dir='ltr'><strong>miserum</strong></span> <span class='ocrx_word' id='word_1_22' title='bbox 1945 541 2214 591; x_wconf 84' lang='lat' dir='ltr'><strong>nostrum</strong></span> <span class='ocrx_word' id='word_1_23' title='bbox 2261 532 2514 605; x_wconf 85' lang='lat' dir='ltr'><strong>epulum</strong></span> <span class='ocrx_word' id='word_1_24' title='bbox 2559 528 2730 587; x_wconf 80' lang='lat' dir='ltr'><strong>nobis</strong></span> 
     </span>
    </p>
   </div>
   <div class='ocr_carea' id='block_1_3' title="bbox 424 610 2620 687">
    <p class='ocr_par' dir='ltr' id='par_1_3' title="bbox 424 610 2620 687">
     <span class='ocr_line' id='line_1_4' title="bbox 424 610 2620 687; baseline 0 -24"><span class='ocrx_word' id='word_1_25' title='bbox 424 654 431 663; x_wconf 86' lang='lat'><strong>.</strong></span> <span class='ocrx_word' id='word_1_26' title='bbox 521 618 567 645; x_wconf 78' lang='lat'><strong>‘⁴&#39;</strong></span> <span class='ocrx_word' id='word_1_27' title='bbox 598 615 924 687; x_wconf 83' lang='lat' dir='ltr'><strong>rapturus.”</strong></span> <span class='ocrx_word' id='word_1_28' title='bbox 1008 612 1155 669; x_wconf 77' lang='lat' dir='ltr'><strong>Haec</strong></span> <span class='ocrx_word' id='word_1_29' title='bbox 1180 614 1500 671; x_wconf 78' lang='lat' dir='ltr'><strong>Pausanias</strong></span> <span class='ocrx_word' id='word_1_30' title='bbox 1525 613 1772 669; x_wconf 78' lang='lat' dir='ltr'><strong>ducibus</strong></span> <span class='ocrx_word' id='word_1_31' title='bbox 1796 614 2138 669; x_wconf 82' lang='lat' dir='ltr'><strong>Graecorum</strong></span> <span class='ocrx_word' id='word_1_32' title='bbox 2169 611 2354 667; x_wconf 84' lang='lat' dir='ltr'><strong>fertur</strong></span> <span class='ocrx_word' id='word_1_33' title='bbox 2380 610 2620 667; x_wconf 83' lang='lat' dir='ltr'><strong>dixisse.</strong></span> 
     </span>
    </p>
   </div>
   <div class='ocr_carea' id='block_1_4' title="bbox 514 688 2739 4189">
    <p class='ocr_par' dir='ltr' id='par_1_4' title="bbox 522 688 2738 1470">
     <span class='ocr_line' id='line_1_5' title="bbox 602 688 2732 766; baseline -0.002 -19"><span class='ocrx_word' id='word_1_34' title='bbox 602 694 697 747; x_wconf 87' lang='grc'><strong>83.</strong></span> <span class='ocrx_word' id='word_1_35' title='bbox 739 688 848 747; x_wconf 86' lang='lat' dir='ltr'><strong>Sed</strong></span> <span class='ocrx_word' id='word_1_36' title='bbox 873 696 933 747; x_wconf 90' lang='lat' dir='ltr'><strong>et</strong></span> <span class='ocrx_word' id='word_1_37' title='bbox 960 690 1306 766; x_wconf 87' lang='lat' dir='ltr'><strong>insequente</strong></span> <span class='ocrx_word' id='word_1_38' title='bbox 1334 700 1600 765; x_wconf 88' lang='lat' dir='ltr'><strong>tempore</strong></span> <span class='ocrx_word' id='word_1_39' title='bbox 1637 698 1772 765; x_wconf 86' lang='lat' dir='ltr'><strong>post</strong></span> <span class='ocrx_word' id='word_1_40' title='bbox 1810 693 1915 747; x_wconf 86' lang='lat' dir='ltr'><strong>has</strong></span> <span class='ocrx_word' id='word_1_41' title='bbox 1957 708 2046 747; x_wconf 87' lang='lat' dir='ltr'><strong>res</strong></span> <span class='ocrx_word' id='word_1_42' title='bbox 2086 698 2282 764; x_wconf 79' lang='lat' dir='ltr'><strong>gestas</strong></span> <span class='ocrx_word' id='word_1_43' title='bbox 2307 689 2492 745; x_wconf 80' lang='lat' dir='ltr'><strong>multi</strong></span> <span class='ocrx_word' id='word_1_44' title='bbox 2515 688 2732 753; x_wconf 61' lang='lat' dir='ltr'><strong>Platae·</strong></span> 
     </span>
     <span class='ocr_line' id='line_1_6' title="bbox 523 765 2735 843; baseline -0.003 -18"><span class='ocrx_word' id='word_1_45' title='bbox 523 788 697 833; x_wconf 76' lang='lat' dir='ltr'><strong>enses</strong></span> <span class='ocrx_word' id='word_1_46' title='bbox 724 770 951 825; x_wconf 87' lang='lat' dir='ltr'><strong>arculas</strong></span> <span class='ocrx_word' id='word_1_47' title='bbox 978 770 1173 827; x_wconf 77' lang='lat' dir='ltr'><strong>adhue</strong></span> <span class='ocrx_word' id='word_1_48' title='bbox 1214 771 1574 827; x_wconf 85' lang='lat' dir='ltr'><strong>invenerunt</strong></span> <span class='ocrx_word' id='word_1_49' title='bbox 1619 787 1762 827; x_wconf 84' lang='lat' dir='ltr'><strong>auro</strong></span> <span class='ocrx_word' id='word_1_50' title='bbox 1787 777 1846 825; x_wconf 90' lang='lat' dir='ltr'><strong>et</strong></span> <span class='ocrx_word' id='word_1_51' title='bbox 1889 779 2140 843; x_wconf 77' lang='lat' dir='ltr'><strong>argento</strong></span> <span class='ocrx_word' id='word_1_52' title='bbox 2185 775 2248 824; x_wconf 88' lang='lat' dir='ltr'><strong>et</strong></span> <span class='ocrx_word' id='word_1_53' title='bbox 2287 768 2418 823; x_wconf 82' lang='lat' dir='ltr'><strong>aliis</strong></span> <span class='ocrx_word' id='word_1_54' title='bbox 2461 765 2735 839; x_wconf 80' lang='lat' dir='ltr'><strong>pretiosis</strong></span> 
     </span>
     <span class='ocr_line' id='line_1_7' title="bbox 526 839 2734 921; baseline -0.003 -16"><span class='ocrx_word' id='word_1_55' title='bbox 526 849 699 905; x_wconf 86' lang='lat' dir='ltr'><strong>rebus</strong></span> <span class='ocrx_word' id='word_1_56' title='bbox 746 847 1013 921; x_wconf 81' lang='lat' dir='ltr'><strong>repletas.</strong></span> <span class='ocrx_word' id='word_1_57' title='bbox 1070 848 1153 905; x_wconf 88' lang='lat' dir='ltr'><strong>Et</strong></span> <span class='ocrx_word' id='word_1_58' title='bbox 1195 850 1481 905; x_wconf 85' lang='lat' dir='ltr'><strong>nonnullo</strong></span> <span class='ocrx_word' id='word_1_59' title='bbox 1531 865 1726 905; x_wconf 88' lang='lat' dir='ltr'><strong>rursus</strong></span> <span class='ocrx_word' id='word_1_60' title='bbox 1771 856 1906 920; x_wconf 90' lang='lat' dir='ltr'><strong>post</strong></span> <span class='ocrx_word' id='word_1_61' title='bbox 1947 848 2072 903; x_wconf 79' lang='lat' dir='ltr'><strong>haec</strong></span> <span class='ocrx_word' id='word_1_62' title='bbox 2100 855 2364 919; x_wconf 86' lang='lat' dir='ltr'><strong>tempore</strong></span> <span class='ocrx_word' id='word_1_63' title='bbox 2400 839 2734 914; x_wconf 83' lang='lat' dir='ltr'><strong>interjecto,</strong></span> 
     </span>
     <span class='ocr_line' id='line_1_8' title="bbox 522 921 2734 1001; baseline -0.003 -18"><span class='ocrx_word' id='word_1_64' title='bbox 522 934 835 1001; x_wconf 74' lang='lat' dir='ltr'><strong>postquam</strong></span> <span class='ocrx_word' id='word_1_65' title='bbox 880 934 1251 983; x_wconf 84' lang='lat' dir='ltr'><strong>mortuorum</strong></span> <span class='ocrx_word' id='word_1_66' title='bbox 1290 927 1576 984; x_wconf 83' lang='lat' dir='ltr'><strong>cadavera</strong></span> <span class='ocrx_word' id='word_1_67' title='bbox 1599 926 1872 983; x_wconf 88' lang='lat' dir='ltr'><strong>carnibus</strong></span> <span class='ocrx_word' id='word_1_68' title='bbox 1914 942 2146 998; x_wconf 85' lang='lat' dir='ltr'><strong>prorsus</strong></span> <span class='ocrx_word' id='word_1_69' title='bbox 2186 923 2436 981; x_wconf 86' lang='lat' dir='ltr'><strong>fuissent</strong></span> <span class='ocrx_word' id='word_1_70' title='bbox 2485 921 2734 987; x_wconf 82' lang='lat' dir='ltr'><strong>nudata,</strong></span> 
     </span>
     <span class='ocr_line' id='line_1_9' title="bbox 524 1001 2732 1077; baseline -0.003 -15"><span class='ocrx_word' id='word_1_71' title='bbox 524 1004 705 1062; x_wconf 83' lang='lat' dir='ltr'><strong>etiam</strong></span> <span class='ocrx_word' id='word_1_72' title='bbox 729 1006 842 1060; x_wconf 90' lang='lat' dir='ltr'><strong>hoc</strong></span> <span class='ocrx_word' id='word_1_73' title='bbox 871 1004 1086 1061; x_wconf 87' lang='lat' dir='ltr'><strong>mirum</strong></span> <span class='ocrx_word' id='word_1_74' title='bbox 1114 1006 1399 1077; x_wconf 58' lang='lat' dir='ltr'><strong>adparuit</strong></span> <span class='ocrx_word' id='word_1_75' title='bbox 1461 1006 1666 1067; x_wconf 85' lang='lat' dir='ltr'><strong>Quum</strong></span> <span class='ocrx_word' id='word_1_76' title='bbox 1691 1022 1826 1061; x_wconf 85' lang='lat' dir='ltr'><strong>ossa.</strong></span> <span class='ocrx_word' id='word_1_77' title='bbox 1851 1005 1912 1059; x_wconf 89' lang='lat' dir='ltr'><strong>in</strong></span> <span class='ocrx_word' id='word_1_78' title='bbox 1939 1021 2122 1059; x_wconf 85' lang='lat' dir='ltr'><strong>unum</strong></span> <span class='ocrx_word' id='word_1_79' title='bbox 2149 1002 2346 1057; x_wconf 86' lang='lat' dir='ltr'><strong>locum</strong></span> <span class='ocrx_word' id='word_1_80' title='bbox 2375 1001 2732 1057; x_wconf 74' lang='lat' dir='ltr'><strong>Plataeenses</strong></span> 
     </span>
     <span class='ocr_line' id='line_1_10' title="bbox 522 1078 2734 1157; baseline -0.003 -18"><span class='ocrx_word' id='word_1_81' title='bbox 522 1082 890 1157; x_wconf 84' lang='lat' dir='ltr'><strong>colligerent,</strong></span> <span class='ocrx_word' id='word_1_82' title='bbox 916 1091 1213 1157; x_wconf 88' lang='lat' dir='ltr'><strong>repertum</strong></span> <span class='ocrx_word' id='word_1_83' title='bbox 1258 1092 1347 1141; x_wconf 87' lang='lat' dir='ltr'><strong>est</strong></span> <span class='ocrx_word' id='word_1_84' title='bbox 1398 1086 1646 1139; x_wconf 76' lang='lat' dir='ltr'><strong>cranium</strong></span> <span class='ocrx_word' id='word_1_85' title='bbox 1685 1082 1896 1139; x_wconf 79' lang='lat' dir='ltr'><strong>nullam</strong></span> <span class='ocrx_word' id='word_1_86' title='bbox 1938 1098 2174 1154; x_wconf 87' lang='lat' dir='ltr'><strong>prorsus</strong></span> <span class='ocrx_word' id='word_1_87' title='bbox 2217 1088 2472 1137; x_wconf 77' lang='lat' dir='ltr'><strong>suturam</strong></span> <span class='ocrx_word' id='word_1_88' title='bbox 2511 1078 2734 1143; x_wconf 64' lang='lat' dir='ltr'><strong>habens,</strong></span> 
     </span>
     <span class='ocr_line' id='line_1_11' title="bbox 524 1156 2732 1234; baseline -0.003 -17"><span class='ocrx_word' id='word_1_89' title='bbox 524 1161 625 1217; x_wconf 89' lang='lat' dir='ltr'><strong>sed</strong></span> <span class='ocrx_word' id='word_1_90' title='bbox 650 1178 773 1217; x_wconf 87' lang='lat' dir='ltr'><strong>uno</strong></span> <span class='ocrx_word' id='word_1_91' title='bbox 796 1178 926 1215; x_wconf 88' lang='lat' dir='ltr'><strong>osse</strong></span> <span class='ocrx_word' id='word_1_92' title='bbox 952 1170 1245 1217; x_wconf 84' lang='lat' dir='ltr'><strong>constans.</strong></span> <span class='ocrx_word' id='word_1_93' title='bbox 1324 1162 1584 1234; x_wconf 88' lang='lat' dir='ltr'><strong>Reperta</strong></span> <span class='ocrx_word' id='word_1_94' title='bbox 1607 1169 1699 1225; x_wconf 73' lang='lat' dir='ltr'><strong>est</strong></span> <span class='ocrx_word' id='word_1_95' title='bbox 1724 1161 1904 1217; x_wconf 84' lang='lat' dir='ltr'><strong>etiam</strong></span> <span class='ocrx_word' id='word_1_96' title='bbox 1942 1159 2206 1225; x_wconf 72' lang='lat' dir='ltr'><strong>maxilla,</strong></span> <span class='ocrx_word' id='word_1_97' title='bbox 2235 1176 2424 1233; x_wconf 85' lang='lat' dir='ltr'><strong>quum</strong></span> <span class='ocrx_word' id='word_1_98' title='bbox 2467 1156 2732 1221; x_wconf 85' lang='lat' dir='ltr'><strong>inferior,</strong></span> 
     </span>
     <span class='ocr_line' id='line_1_12' title="bbox 524 1235 2734 1313; baseline -0.002 -18"><span class='ocrx_word' id='word_1_99' title='bbox 524 1248 653 1295; x_wconf 85' lang='lat' dir='ltr'><strong>tum</strong></span> <span class='ocrx_word' id='word_1_100' title='bbox 700 1238 987 1313; x_wconf 81' lang='lat' dir='ltr'><strong>superior,</strong></span> <span class='ocrx_word' id='word_1_101' title='bbox 1043 1236 1216 1310; x_wconf 85' lang='lat' dir='ltr'><strong>cujus</strong></span> <span class='ocrx_word' id='word_1_102' title='bbox 1266 1240 1449 1295; x_wconf 79' lang='lat' dir='ltr'><strong>dentes</strong></span> <span class='ocrx_word' id='word_1_103' title='bbox 1492 1241 1578 1295; x_wconf 84' lang='lat' dir='ltr'><strong>ita</strong></span> <span class='ocrx_word' id='word_1_104' title='bbox 1603 1242 1834 1295; x_wconf 82' lang='lat' dir='ltr'><strong>concreti</strong></span> <span class='ocrx_word' id='word_1_105' title='bbox 1875 1245 2061 1303; x_wconf 84' lang='lat' dir='ltr'><strong>erant,</strong></span> <span class='ocrx_word' id='word_1_106' title='bbox 2105 1245 2228 1293; x_wconf 83' lang='lat' dir='ltr'><strong>tam</strong></span> <span class='ocrx_word' id='word_1_107' title='bbox 2268 1235 2507 1308; x_wconf 82' lang='lat' dir='ltr'><strong>reliqui,</strong></span> <span class='ocrx_word' id='word_1_108' title='bbox 2551 1251 2734 1308; x_wconf 81' lang='lat' dir='ltr'><strong>quam</strong></span> 
     </span>
     <span class='ocr_line' id='line_1_13' title="bbox 524 1315 2738 1390; baseline -0.004 -13"><span class='ocrx_word' id='word_1_109' title='bbox 524 1318 803 1382; x_wconf 78' lang='lat' dir='ltr'><strong>molareS,</strong></span> <span class='ocrx_word' id='word_1_110' title='bbox 834 1328 899 1371; x_wconf 86' lang='lat' dir='ltr'><strong>ut</strong></span> <span class='ocrx_word' id='word_1_111' title='bbox 923 1335 1043 1373; x_wconf 89' lang='lat' dir='ltr'><strong>uuo</strong></span> <span class='ocrx_word' id='word_1_112' title='bbox 1093 1336 1225 1373; x_wconf 86' lang='lat' dir='ltr'><strong>osse</strong></span> <span class='ocrx_word' id='word_1_113' title='bbox 1270 1326 1607 1375; x_wconf 77' lang='lat' dir='ltr'><strong>constarent</strong></span> <span class='ocrx_word' id='word_1_114' title='bbox 1633 1333 1860 1374; x_wconf 88' lang='lat' dir='ltr'><strong>omnes.</strong></span> <span class='ocrx_word' id='word_1_115' title='bbox 1939 1315 2196 1390; x_wconf 78' lang='lat' dir='ltr'><strong>Reperta</strong></span> <span class='ocrx_word' id='word_1_116' title='bbox 2219 1315 2400 1371; x_wconf 83' lang='lat' dir='ltr'><strong>etiam</strong></span> <span class='ocrx_word' id='word_1_117' title='bbox 2429 1321 2576 1372; x_wconf 85' lang='lat' dir='ltr'><strong>sunt</strong></span> <span class='ocrx_word' id='word_1_118' title='bbox 2601 1330 2738 1371; x_wconf 78' lang='lat' dir='ltr'><strong>ossa</strong></span> 
     </span>
     <span class='ocr_line' id='line_1_14' title="bbox 525 1392 1309 1470; baseline 0.001 -19"><span class='ocrx_word' id='word_1_119' title='bbox 525 1396 638 1451; x_wconf 80' lang='lat' dir='ltr'><strong>viri</strong></span> <span class='ocrx_word' id='word_1_120' title='bbox 668 1392 929 1470; x_wconf 87' lang='lat' dir='ltr'><strong>quinque</strong></span> <span class='ocrx_word' id='word_1_121' title='bbox 956 1392 1309 1452; x_wconf 83' lang='lat' dir='ltr'><strong>cubitorum.</strong></span> 
     </span>
    </p>

    <p class='ocr_par' dir='ltr' id='par_1_5' title="bbox 514 1470 2738 2171">
     <span class='ocr_line' id='line_1_15' title="bbox 606 1470 2735 1547; baseline -0.002 -16"><span class='ocrx_word' id='word_1_122' title='bbox 606 1478 701 1531; x_wconf 84' lang='lat'><strong>84.</strong></span> <span class='ocrx_word' id='word_1_123' title='bbox 740 1472 971 1531; x_wconf 87' lang='lat' dir='ltr'><strong>Deinde</strong></span> <span class='ocrx_word' id='word_1_124' title='bbox 1018 1492 1155 1529; x_wconf 84' lang='lat' dir='ltr'><strong>vero</strong></span> <span class='ocrx_word' id='word_1_125' title='bbox 1204 1475 1490 1530; x_wconf 82' lang='lat' dir='ltr'><strong>Mardonii</strong></span> <span class='ocrx_word' id='word_1_126' title='bbox 1543 1474 1798 1539; x_wconf 80' lang='lat' dir='ltr'><strong>cadaver,</strong></span> <span class='ocrx_word' id='word_1_127' title='bbox 1852 1472 2132 1545; x_wconf 82' lang='lat' dir='ltr'><strong>postridie</strong></span> <span class='ocrx_word' id='word_1_128' title='bbox 2177 1490 2360 1547; x_wconf 82' lang='lat' dir='ltr'><strong>quam</strong></span> <span class='ocrx_word' id='word_1_129' title='bbox 2409 1470 2735 1529; x_wconf 75' lang='lat' dir='ltr'><strong>commisse</strong></span> 
     </span>
     <span class='ocr_line' id='line_1_16' title="bbox 520 1549 2733 1627; baseline 0 -20"><span class='ocrx_word' id='word_1_130' title='bbox 520 1569 731 1627; x_wconf 83' lang='lat' dir='ltr'><strong>pugna</strong></span> <span class='ocrx_word' id='word_1_131' title='bbox 754 1562 863 1616; x_wconf 88' lang='lat' dir='ltr'><strong>est,</strong></span> <span class='ocrx_word' id='word_1_132' title='bbox 895 1569 1017 1609; x_wconf 91' lang='lat' dir='ltr'><strong>non</strong></span> <span class='ocrx_word' id='word_1_133' title='bbox 1058 1560 1145 1607; x_wconf 93' lang='lat' dir='ltr'><strong>est</strong></span> <span class='ocrx_word' id='word_1_134' title='bbox 1172 1561 1486 1625; x_wconf 84' lang='lat' dir='ltr'><strong>repertum.</strong></span> <span class='ocrx_word' id='word_1_135' title='bbox 1568 1552 1746 1613; x_wconf 82' lang='lat' dir='ltr'><strong>Quod</strong></span> <span class='ocrx_word' id='word_1_136' title='bbox 1789 1550 2030 1623; x_wconf 89' lang='lat' dir='ltr'><strong>quidem</strong></span> <span class='ocrx_word' id='word_1_137' title='bbox 2069 1568 2332 1623; x_wconf 83' lang='lat' dir='ltr'><strong>quonam</strong></span> <span class='ocrx_word' id='word_1_138' title='bbox 2367 1550 2446 1607; x_wconf 76' lang='lat' dir='ltr'><strong>ab</strong></span> <span class='ocrx_word' id='word_1_139' title='bbox 2491 1549 2733 1607; x_wconf 83' lang='lat' dir='ltr'><strong>homine</strong></span> 
     </span>
     <span class='ocr_line' id='line_1_17' title="bbox 522 1627 2734 1703; baseline -0.001 -17"><span class='ocrx_word' id='word_1_140' title='bbox 522 1630 704 1687; x_wconf 77' lang='lat' dir='ltr'><strong>fuerit</strong></span> <span class='ocrx_word' id='word_1_141' title='bbox 754 1631 1143 1695; x_wconf 84' lang='lat' dir='ltr'><strong>subtractum,</strong></span> <span class='ocrx_word' id='word_1_142' title='bbox 1184 1631 1375 1687; x_wconf 83' lang='lat' dir='ltr'><strong>dicere</strong></span> <span class='ocrx_word' id='word_1_143' title='bbox 1396 1648 1520 1703; x_wconf 83' lang='lat' dir='ltr'><strong>,pro</strong></span> <span class='ocrx_word' id='word_1_144' title='bbox 1573 1637 1732 1687; x_wconf 85' lang='lat' dir='ltr'><strong>certo</strong></span> <span class='ocrx_word' id='word_1_145' title='bbox 1775 1646 1896 1685; x_wconf 90' lang='lat' dir='ltr'><strong>non</strong></span> <span class='ocrx_word' id='word_1_146' title='bbox 1954 1646 2214 1701; x_wconf 86' lang='lat' dir='ltr'><strong>possum.</strong></span> <span class='ocrx_word' id='word_1_147' title='bbox 2292 1628 2526 1685; x_wconf 86' lang='lat' dir='ltr'><strong>Multos</strong></span> <span class='ocrx_word' id='word_1_148' title='bbox 2566 1627 2734 1685; x_wconf 82' lang='lat' dir='ltr'><strong>enim</strong></span> 
     </span>
     <span class='ocr_line' id='line_1_18' title="bbox 522 1705 2738 1781; baseline -0.002 -16"><span class='ocrx_word' id='word_1_149' title='bbox 522 1716 881 1765; x_wconf 84' lang='lat' dir='ltr'><strong>memoratos</strong></span> <span class='ocrx_word' id='word_1_150' title='bbox 922 1708 1143 1773; x_wconf 83' lang='lat' dir='ltr'><strong>audivi,</strong></span> <span class='ocrx_word' id='word_1_151' title='bbox 1172 1717 1233 1765; x_wconf 89' lang='lat' dir='ltr'><strong>et</strong></span> <span class='ocrx_word' id='word_1_152' title='bbox 1280 1710 1524 1765; x_wconf 86' lang='lat' dir='ltr'><strong>diversis</strong></span> <span class='ocrx_word' id='word_1_153' title='bbox 1565 1727 1599 1763; x_wconf 92' lang='lat' dir='ltr'><strong>e</strong></span> <span class='ocrx_word' id='word_1_154' title='bbox 1640 1706 1978 1764; x_wconf 81' lang='lat' dir='ltr'><strong>civitatibus</strong></span> <span class='ocrx_word' id='word_1_155' title='bbox 2002 1707 2180 1773; x_wconf 86' lang='lat' dir='ltr'><strong>viros,</strong></span> <span class='ocrx_word' id='word_1_156' title='bbox 2205 1707 2307 1781; x_wconf 91' lang='lat' dir='ltr'><strong>qui</strong></span> <span class='ocrx_word' id='word_1_157' title='bbox 2347 1705 2738 1780; x_wconf 79' lang='lat' dir='ltr'><strong>perhibentur</strong></span> 
     </span>
     <span class='ocr_line' id='line_1_19' title="bbox 524 1783 2736 1861; baseline -0.002 -18"><span class='ocrx_word' id='word_1_158' title='bbox 524 1786 823 1861; x_wconf 88' lang='lat' dir='ltr'><strong>sepeliisse</strong></span> <span class='ocrx_word' id='word_1_159' title='bbox 862 1786 1281 1857; x_wconf 79' lang='lat' dir='ltr'><strong>Mardonium3</strong></span> <span class='ocrx_word' id='word_1_160' title='bbox 1326 1806 1395 1843; x_wconf 89' lang='lat' dir='ltr'><strong>ac</strong></span> <span class='ocrx_word' id='word_1_161' title='bbox 1440 1787 1582 1843; x_wconf 86' lang='lat' dir='ltr'><strong>novi</strong></span> <span class='ocrx_word' id='word_1_162' title='bbox 1624 1785 1844 1843; x_wconf 85' lang='lat' dir='ltr'><strong>multos</strong></span> <span class='ocrx_word' id='word_1_163' title='bbox 1879 1784 1979 1858; x_wconf 89' lang='lat' dir='ltr'><strong>qui</strong></span> <span class='ocrx_word' id='word_1_164' title='bbox 2024 1786 2136 1841; x_wconf 88' lang='lat' dir='ltr'><strong>hoc</strong></span> <span class='ocrx_word' id='word_1_165' title='bbox 2178 1785 2414 1843; x_wconf 88' lang='lat' dir='ltr'><strong>nomine</strong></span> <span class='ocrx_word' id='word_1_166' title='bbox 2465 1783 2736 1858; x_wconf 78' lang='lat' dir='ltr'><strong>ingentia</strong></span> 
     </span>
     <span class='ocr_line' id='line_1_20' title="bbox 514 1862 2738 1937; baseline -0.002 -16"><span class='ocrx_word' id='word_1_167' title='bbox 514 1866 682 1925; x_wconf 81' lang='lat' dir='ltr'><strong>dona</strong></span> <span class='ocrx_word' id='word_1_168' title='bbox 706 1872 1059 1937; x_wconf 85' lang='lat' dir='ltr'><strong>acceperunt</strong></span> <span class='ocrx_word' id='word_1_169' title='bbox 1084 1865 1158 1920; x_wconf 86' lang='lat' dir='ltr'><strong>ab</strong></span> <span class='ocrx_word' id='word_1_170' title='bbox 1186 1868 1433 1921; x_wconf 86' lang='lat' dir='ltr'><strong>Artonte</strong></span> <span class='ocrx_word' id='word_1_171' title='bbox 1455 1864 1750 1921; x_wconf 86' lang='lat' dir='ltr'><strong>Mardonii</strong></span> <span class='ocrx_word' id='word_1_172' title='bbox 1777 1862 1917 1919; x_wconf 84' lang='lat' dir='ltr'><strong>filio.</strong></span> <span class='ocrx_word' id='word_1_173' title='bbox 1997 1863 2149 1925; x_wconf 85' lang='lat' dir='ltr'><strong>Quis</strong></span> <span class='ocrx_word' id='word_1_174' title='bbox 2196 1880 2337 1919; x_wconf 82' lang='lat' dir='ltr'><strong>vero</strong></span> <span class='ocrx_word' id='word_1_175' title='bbox 2385 1880 2462 1919; x_wconf 83' lang='lat' dir='ltr'><strong>ex</strong></span> <span class='ocrx_word' id='word_1_176' title='bbox 2502 1862 2594 1919; x_wconf 79' lang='lat' dir='ltr'><strong>his</strong></span> <span class='ocrx_word' id='word_1_177' title='bbox 2631 1862 2738 1929; x_wconf 79' lang='lat' dir='ltr'><strong>sit,</strong></span> 
     </span>
     <span class='ocr_line' id='line_1_21' title="bbox 523 1940 2735 2017; baseline -0.001 -17"><span class='ocrx_word' id='word_1_178' title='bbox 523 1944 627 2017; x_wconf 91' lang='lat' dir='ltr'><strong>qui</strong></span> <span class='ocrx_word' id='word_1_179' title='bbox 654 1942 949 1998; x_wconf 87' lang='lat' dir='ltr'><strong>Mardonii</strong></span> <span class='ocrx_word' id='word_1_180' title='bbox 977 1960 1187 2015; x_wconf 80' lang='lat' dir='ltr'><strong>corpus</strong></span> <span class='ocrx_word' id='word_1_181' title='bbox 1214 1944 1566 2001; x_wconf 74' lang='lat' dir='ltr'><strong>subtraxerit</strong></span> <span class='ocrx_word' id='word_1_182' title='bbox 1603 1949 1662 1999; x_wconf 93' lang='lat' dir='ltr'><strong>et</strong></span> <span class='ocrx_word' id='word_1_183' title='bbox 1703 1940 2057 2014; x_wconf 81' lang='lat' dir='ltr'><strong>sepeliverit,</strong></span> <span class='ocrx_word' id='word_1_184' title='bbox 2089 1959 2196 2015; x_wconf 82' lang='lat' dir='ltr'><strong>pro</strong></span> <span class='ocrx_word' id='word_1_185' title='bbox 2221 1950 2380 1999; x_wconf 84' lang='lat' dir='ltr'><strong>certo</strong></span> <span class='ocrx_word' id='word_1_186' title='bbox 2405 1940 2735 2015; x_wconf 81' lang='lat' dir='ltr'><strong>comperire</strong></span> 
     </span>
     <span class='ocr_line' id='line_1_22' title="bbox 522 2010 2734 2094; baseline -0.001 -17"><span class='ocrx_word' id='word_1_187' title='bbox 522 2040 649 2077; x_wconf 86' lang='lat' dir='ltr'><strong>non</strong></span> <span class='ocrx_word' id='word_1_188' title='bbox 696 2021 877 2094; x_wconf 89' lang='lat' dir='ltr'><strong>potui.</strong></span> <span class='ocrx_word' id='word_1_189' title='bbox 954 2010 1165 2077; x_wconf 83' lang='lat' dir='ltr'><strong>Fertur</strong></span> <span class='ocrx_word' id='word_1_190' title='bbox 1211 2022 1391 2078; x_wconf 84' lang='lat' dir='ltr'><strong>etiam</strong></span> <span class='ocrx_word' id='word_1_191' title='bbox 1432 2022 1596 2077; x_wconf 83' lang='lat' dir='ltr'><strong>fama</strong></span> <span class='ocrx_word' id='word_1_192' title='bbox 1639 2018 1932 2094; x_wconf 82' lang='lat' dir='ltr'><strong>quaedam,</strong></span> <span class='ocrx_word' id='word_1_193' title='bbox 1959 2019 2486 2094; x_wconf 75' lang='lat' dir='ltr'><strong>Dionysophanem</strong></span> <span class='ocrx_word' id='word_1_194' title='bbox 2527 2018 2734 2093; x_wconf 80' lang='lat' dir='ltr'><strong>Ephe·</strong></span> 
     </span>
     <span class='ocr_line' id='line_1_23' title="bbox 521 2096 2538 2171; baseline -0.001 -16"><span class='ocrx_word' id='word_1_195' title='bbox 521 2098 679 2156; x_wconf 88' lang='lat' dir='ltr'><strong>sium</strong></span> <span class='ocrx_word' id='word_1_196' title='bbox 709 2096 1001 2169; x_wconf 88' lang='lat' dir='ltr'><strong>sepeliisse</strong></span> <span class='ocrx_word' id='word_1_197' title='bbox 1024 2098 1421 2155; x_wconf 79' lang='lat' dir='ltr'><strong>Mardonium.</strong></span> <span class='ocrx_word' id='word_1_198' title='bbox 1503 2098 1616 2155; x_wconf 88' lang='lat' dir='ltr'><strong>Sed</strong></span> <span class='ocrx_word' id='word_1_199' title='bbox 1645 2098 1766 2153; x_wconf 87' lang='lat' dir='ltr'><strong>haec</strong></span> <span class='ocrx_word' id='word_1_200' title='bbox 1795 2097 1868 2153; x_wconf 87' lang='lat' dir='ltr'><strong>de</strong></span> <span class='ocrx_word' id='word_1_201' title='bbox 1890 2097 2186 2155; x_wconf 83' lang='lat' dir='ltr'><strong>Mardonii</strong></span> <span class='ocrx_word' id='word_1_202' title='bbox 2215 2098 2538 2171; x_wconf 80' lang='lat' dir='ltr'><strong>sepultura.</strong></span> 
     </span>
    </p>

    <p class='ocr_par' dir='ltr' id='par_1_6' title="bbox 515 2175 2739 3423">
     <span class='ocr_line' id='line_1_24' title="bbox 603 2175 2732 2249; baseline 0.001 -19"><span class='ocrx_word' id='word_1_203' title='bbox 603 2179 698 2230; x_wconf 84' lang='lat'><strong>85.</strong></span> <span class='ocrx_word' id='word_1_204' title='bbox 745 2175 938 2231; x_wconf 80' lang='lat' dir='ltr'><strong>Graeci</strong></span> <span class='ocrx_word' id='word_1_205' title='bbox 977 2193 1137 2241; x_wconf 79' lang='lat' dir='ltr'><strong>vern,</strong></span> <span class='ocrx_word' id='word_1_206' title='bbox 1166 2176 1351 2233; x_wconf 84' lang='lat' dir='ltr'><strong>divisa</strong></span> <span class='ocrx_word' id='word_1_207' title='bbox 1390 2176 1610 2249; x_wconf 78' lang='lat' dir='ltr'><strong>praeda,</strong></span> <span class='ocrx_word' id='word_1_208' title='bbox 1640 2194 1762 2231; x_wconf 72' lang='lat' dir='ltr'><strong>suos</strong></span> <span class='ocrx_word' id='word_1_209' title='bbox 1799 2176 2176 2249; x_wconf 74' lang='lat' dir='ltr'><strong>sepeliverunt,</strong></span> <span class='ocrx_word' id='word_1_210' title='bbox 2203 2177 2450 2233; x_wconf 78' lang='lat' dir='ltr'><strong>seorsim</strong></span> <span class='ocrx_word' id='word_1_211' title='bbox 2487 2176 2732 2249; x_wconf 50' lang='lat' dir='ltr'><strong>quique,</strong></span> 
     </span>
     <span class='ocr_line' id='line_1_25' title="bbox 515 2252 2732 2327; baseline 0 -17"><span class='ocrx_word' id='word_1_212' title='bbox 515 2253 607 2323; x_wconf 49' lang='lat' dir='ltr'><strong>‚Et</strong></span> <span class='ocrx_word' id='word_1_213' title='bbox 634 2252 1067 2309; x_wconf 72' lang='lat' dir='ltr'><strong>Lacedaemonii</strong></span> <span class='ocrx_word' id='word_1_214' title='bbox 1094 2254 1329 2327; x_wconf 87' lang='lat' dir='ltr'><strong>quidem</strong></span> <span class='ocrx_word' id='word_1_215' title='bbox 1375 2254 1489 2311; x_wconf 83' lang='lat' dir='ltr'><strong>tria</strong></span> <span class='ocrx_word' id='word_1_216' title='bbox 1527 2254 1855 2311; x_wconf 87' lang='lat' dir='ltr'><strong>conditoria</strong></span> <span class='ocrx_word' id='word_1_217' title='bbox 1878 2254 2159 2313; x_wconf 78' lang='lat' dir='ltr'><strong>fecerunt.</strong></span> <span class='ocrx_word' id='word_1_218' title='bbox 2241 2254 2313 2311; x_wconf 86' lang='lat' dir='ltr'><strong>ln</strong></span> <span class='ocrx_word' id='word_1_219' title='bbox 2354 2272 2476 2311; x_wconf 87' lang='lat' dir='ltr'><strong>uno</strong></span> <span class='ocrx_word' id='word_1_220' title='bbox 2527 2254 2732 2311; x_wconf 82' lang='lat' dir='ltr'><strong>adole·-</strong></span> 
     </span>
     <span class='ocr_line' id='line_1_26' title="bbox 520 2329 2732 2407; baseline 0 -18"><span class='ocrx_word' id='word_1_221' title='bbox 520 2341 747 2389; x_wconf 87' lang='lat' dir='ltr'><strong>scentes</strong></span> <span class='ocrx_word' id='word_1_222' title='bbox 778 2330 1157 2405; x_wconf 84' lang='lat' dir='ltr'><strong>sepelierunt,</strong></span> <span class='ocrx_word' id='word_1_223' title='bbox 1192 2334 1397 2407; x_wconf 70' lang='lat' dir='ltr'><strong>[irenes</strong></span> <span class='ocrx_word' id='word_1_224' title='bbox 1422 2329 1511 2387; x_wconf 88' lang='lat' dir='ltr'><strong>illi</strong></span> <span class='ocrx_word' id='word_1_225' title='bbox 1535 2331 1804 2402; x_wconf 84' lang='lat' dir='ltr'><strong>vocant,]</strong></span> <span class='ocrx_word' id='word_1_226' title='bbox 1837 2348 2090 2404; x_wconf 80' lang='lat' dir='ltr'><strong>quornm</strong></span> <span class='ocrx_word' id='word_1_227' title='bbox 2129 2349 2164 2387; x_wconf 93' lang='lat' dir='ltr'><strong>e</strong></span> <span class='ocrx_word' id='word_1_228' title='bbox 2205 2349 2452 2389; x_wconf 85' lang='lat' dir='ltr'><strong>numero</strong></span> <span class='ocrx_word' id='word_1_229' title='bbox 2477 2332 2732 2389; x_wconf 85' lang='lat' dir='ltr'><strong>Posido·</strong></span> 
     </span>
     <span class='ocr_line' id='line_1_27' title="bbox 521 2408 2738 2485; baseline 0 -18"><span class='ocrx_word' id='word_1_230' title='bbox 521 2412 659 2467; x_wconf 86' lang='lat' dir='ltr'><strong>nius</strong></span> <span class='ocrx_word' id='word_1_231' title='bbox 688 2408 823 2475; x_wconf 82' lang='lat' dir='ltr'><strong>fuit,</strong></span> <span class='ocrx_word' id='word_1_232' title='bbox 850 2416 910 2465; x_wconf 86' lang='lat' dir='ltr'><strong>et</strong></span> <span class='ocrx_word' id='word_1_233' title='bbox 940 2412 1453 2483; x_wconf 68' lang='lat' dir='ltr'><strong>Amompharetus,</strong></span> <span class='ocrx_word' id='word_1_234' title='bbox 1487 2419 1547 2467; x_wconf 91' lang='lat' dir='ltr'><strong>et</strong></span> <span class='ocrx_word' id='word_1_235' title='bbox 1576 2411 1925 2485; x_wconf 83' lang='lat' dir='ltr'><strong>Philocyon,</strong></span> <span class='ocrx_word' id='word_1_236' title='bbox 1945 2417 2005 2466; x_wconf 85' lang='lat' dir='ltr'><strong>et</strong></span> <span class='ocrx_word' id='word_1_237' title='bbox 2028 2410 2402 2467; x_wconf 77' lang='lat' dir='ltr'><strong>Callicrates:</strong></span> <span class='ocrx_word' id='word_1_238' title='bbox 2451 2412 2512 2467; x_wconf 89' lang='lat' dir='ltr'><strong>in</strong></span> <span class='ocrx_word' id='word_1_239' title='bbox 2541 2412 2738 2467; x_wconf 77' lang='lat' dir='ltr'><strong>altero</strong></span> 
     </span>
     <span class='ocr_line' id='line_1_28' title="bbox 522 2486 2732 2562; baseline 0.001 -17"><span class='ocrx_word' id='word_1_240' title='bbox 522 2488 779 2562; x_wconf 86' lang='lat' dir='ltr'><strong>reliquos</strong></span> <span class='ocrx_word' id='word_1_241' title='bbox 825 2489 1143 2561; x_wconf 79' lang='lat' dir='ltr'><strong>Spartanos</strong></span> <span class='ocrx_word' id='word_1_242' title='bbox 1166 2514 1189 2558; x_wconf 56' lang='grc' dir='ltr'><strong><em>ς</em></strong></span> <span class='ocrx_word' id='word_1_243' title='bbox 1232 2490 1292 2545; x_wconf 88' lang='lat' dir='ltr'><strong>in</strong></span> <span class='ocrx_word' id='word_1_244' title='bbox 1334 2491 1506 2546; x_wconf 83' lang='lat' dir='ltr'><strong>tertio</strong></span> <span class='ocrx_word' id='word_1_245' title='bbox 1547 2486 1777 2546; x_wconf 84' lang='lat' dir='ltr'><strong>hilotas.</strong></span> <span class='ocrx_word' id='word_1_246' title='bbox 1809 2526 1817 2555; x_wconf 57' lang='lat'>2</span> <span class='ocrx_word' id='word_1_247' title='bbox 1857 2489 1992 2545; x_wconf 79' lang='lat' dir='ltr'><strong>Hac</strong></span> <span class='ocrx_word' id='word_1_248' title='bbox 2033 2490 2255 2545; x_wconf 83' lang='lat' dir='ltr'><strong>ratione</strong></span> <span class='ocrx_word' id='word_1_249' title='bbox 2291 2488 2732 2547; x_wconf 80' lang='lat' dir='ltr'><strong>Laeedoemouii</strong></span> 
     </span>
     <span class='ocr_line' id='line_1_29' title="bbox 522 2566 2738 2641; baseline 0.001 -18"><span class='ocrx_word' id='word_1_250' title='bbox 522 2567 618 2623; x_wconf 90' lang='lat' dir='ltr'><strong>usi</strong></span> <span class='ocrx_word' id='word_1_251' title='bbox 644 2574 799 2623; x_wconf 87' lang='lat' dir='ltr'><strong>sunt.</strong></span> <span class='ocrx_word' id='word_1_252' title='bbox 864 2566 1143 2641; x_wconf 84' lang='lat' dir='ltr'><strong>Tegeatae</strong></span> <span class='ocrx_word' id='word_1_253' title='bbox 1170 2585 1308 2625; x_wconf 84' lang='lat' dir='ltr'><strong>vero</strong></span> <span class='ocrx_word' id='word_1_254' title='bbox 1334 2570 1580 2624; x_wconf 86' lang='lat' dir='ltr'><strong>seorsim</strong></span> <span class='ocrx_word' id='word_1_255' title='bbox 1603 2568 1679 2625; x_wconf 88' lang='lat' dir='ltr'><strong>ab</strong></span> <span class='ocrx_word' id='word_1_256' title='bbox 1704 2568 1820 2623; x_wconf 83' lang='lat' dir='ltr'><strong>inis</strong></span> <span class='ocrx_word' id='word_1_257' title='bbox 1845 2584 1982 2623; x_wconf 89' lang='lat' dir='ltr'><strong>suos</strong></span> <span class='ocrx_word' id='word_1_258' title='bbox 2003 2584 2206 2625; x_wconf 87' lang='lat' dir='ltr'><strong>omnes</strong></span> <span class='ocrx_word' id='word_1_259' title='bbox 2231 2585 2355 2623; x_wconf 82' lang='lat' dir='ltr'><strong>uno</strong></span> <span class='ocrx_word' id='word_1_260' title='bbox 2375 2568 2436 2623; x_wconf 88' lang='lat' dir='ltr'><strong>in</strong></span> <span class='ocrx_word' id='word_1_261' title='bbox 2459 2569 2738 2641; x_wconf 71' lang='lat' dir='ltr'><strong>sepulcro</strong></span> 
     </span>
     <span class='ocr_line' id='line_1_30' title="bbox 520 2644 2732 2718; baseline 0.001 -17"><span class='ocrx_word' id='word_1_262' title='bbox 520 2644 913 2701; x_wconf 85' lang='lat' dir='ltr'><strong>condiderunt</strong></span> <span class='ocrx_word' id='word_1_263' title='bbox 940 2666 953 2699; x_wconf 91' lang='lat'>:</span> <span class='ocrx_word' id='word_1_264' title='bbox 998 2654 1173 2717; x_wconf 81' lang='lat' dir='ltr'><strong>atque</strong></span> <span class='ocrx_word' id='word_1_265' title='bbox 1201 2646 1285 2701; x_wconf 89' lang='lat' dir='ltr'><strong>ita</strong></span> <span class='ocrx_word' id='word_1_266' title='bbox 1310 2647 1490 2703; x_wconf 87' lang='lat' dir='ltr'><strong>etiam</strong></span> <span class='ocrx_word' id='word_1_267' title='bbox 1514 2646 1896 2705; x_wconf 83' lang='lat' dir='ltr'><strong>Athenienses</strong></span> <span class='ocrx_word' id='word_1_268' title='bbox 1923 2663 2060 2701; x_wconf 91' lang='lat' dir='ltr'><strong>suos</strong></span> <span class='ocrx_word' id='word_1_269' title='bbox 2100 2662 2220 2701; x_wconf 89' lang='lat' dir='ltr'><strong>uno</strong></span> <span class='ocrx_word' id='word_1_270' title='bbox 2255 2646 2316 2701; x_wconf 83' lang='lat' dir='ltr'><strong>in</strong></span> <span class='ocrx_word' id='word_1_271' title='bbox 2355 2646 2526 2701; x_wconf 88' lang='lat' dir='ltr'><strong>loco:</strong></span> <span class='ocrx_word' id='word_1_272' title='bbox 2575 2647 2732 2718; x_wconf 85' lang='lat' dir='ltr'><strong>pari-</strong></span> 
     </span>
     <span class='ocr_line' id='line_1_31' title="bbox 523 2720 2730 2797; baseline 0 -18"><span class='ocrx_word' id='word_1_273' title='bbox 523 2731 727 2796; x_wconf 86' lang='lat' dir='ltr'><strong>terque</strong></span> <span class='ocrx_word' id='word_1_274' title='bbox 766 2720 1143 2795; x_wconf 86' lang='lat' dir='ltr'><strong>Megarenses</strong></span> <span class='ocrx_word' id='word_1_275' title='bbox 1186 2730 1248 2778; x_wconf 81' lang='lat' dir='ltr'><strong>et</strong></span> <span class='ocrx_word' id='word_1_276' title='bbox 1290 2723 1534 2781; x_wconf 84' lang='lat' dir='ltr'><strong>Phliasii</strong></span> <span class='ocrx_word' id='word_1_277' title='bbox 1581 2742 1740 2790; x_wconf 85' lang='lat' dir='ltr'><strong>suos,</strong></span> <span class='ocrx_word' id='word_1_278' title='bbox 1769 2724 1870 2797; x_wconf 87' lang='lat' dir='ltr'><strong>qui</strong></span> <span class='ocrx_word' id='word_1_279' title='bbox 1897 2723 1972 2779; x_wconf 86' lang='lat' dir='ltr'><strong>ab</strong></span> <span class='ocrx_word' id='word_1_280' title='bbox 1999 2724 2295 2797; x_wconf 83' lang='lat' dir='ltr'><strong>equitibus</strong></span> <span class='ocrx_word' id='word_1_281' title='bbox 2337 2724 2518 2780; x_wconf 83' lang='lat' dir='ltr'><strong>occisi</strong></span> <span class='ocrx_word' id='word_1_282' title='bbox 2545 2731 2730 2781; x_wconf 87' lang='lat' dir='ltr'><strong>erant.</strong></span> 
     </span>
     <span class='ocr_line' id='line_1_32' title="bbox 520 2795 2736 2875; baseline 0.001 -19"><span class='ocrx_word' id='word_1_283' title='bbox 520 2798 759 2857; x_wconf 87' lang='lat' dir='ltr'><strong>Horum</strong></span> <span class='ocrx_word' id='word_1_284' title='bbox 782 2795 979 2872; x_wconf 81' lang='lat' dir='ltr'><strong>itaque</strong></span> <span class='ocrx_word' id='word_1_285' title='bbox 1004 2800 1269 2857; x_wconf 76' lang='lat' dir='ltr'><strong>omnium</strong></span> <span class='ocrx_word' id='word_1_286' title='bbox 1302 2802 1472 2874; x_wconf 80' lang='lat' dir='ltr'><strong>plena</strong></span> <span class='ocrx_word' id='word_1_287' title='bbox 1509 2811 1678 2859; x_wconf 82' lang='lat' dir='ltr'><strong>erant</strong></span> <span class='ocrx_word' id='word_1_288' title='bbox 1721 2801 1985 2874; x_wconf 75' lang='lat' dir='ltr'><strong>sepulcra.</strong></span> <span class='ocrx_word' id='word_1_289' title='bbox 2068 2801 2166 2856; x_wconf 89' lang='lat' dir='ltr'><strong>Ad.</strong></span> <span class='ocrx_word' id='word_1_290' title='bbox 2198 2801 2562 2875; x_wconf 85' lang='lat' dir='ltr'><strong>reliquorum</strong></span> <span class='ocrx_word' id='word_1_291' title='bbox 2589 2819 2736 2859; x_wconf 81' lang='lat' dir='ltr'><strong>vero</strong></span> 
     </span>
     <span class='ocr_line' id='line_1_33' title="bbox 518 2878 2736 2953; baseline -0 -15"><span class='ocrx_word' id='word_1_292' title='bbox 518 2878 876 2953; x_wconf 85' lang='lat' dir='ltr'><strong>populorum</strong></span> <span class='ocrx_word' id='word_1_293' title='bbox 922 2878 1191 2951; x_wconf 84' lang='lat' dir='ltr'><strong>sepulcra</strong></span> <span class='ocrx_word' id='word_1_294' title='bbox 1231 2881 1389 2952; x_wconf 86' lang='lat' dir='ltr'><strong>quod</strong></span> <span class='ocrx_word' id='word_1_295' title='bbox 1428 2880 1684 2947; x_wconf 82' lang='lat' dir='ltr'><strong>adtinet,</strong></span> <span class='ocrx_word' id='word_1_296' title='bbox 1707 2886 2000 2953; x_wconf 84' lang='lat' dir='ltr'><strong>quotquot</strong></span> <span class='ocrx_word' id='word_1_297' title='bbox 2037 2880 2196 2952; x_wconf 70' lang='lat' dir='ltr'><strong>apud</strong></span> <span class='ocrx_word' id='word_1_298' title='bbox 2238 2879 2486 2937; x_wconf 71' lang='lat' dir='ltr'><strong>Plataeas</strong></span> <span class='ocrx_word' id='word_1_299' title='bbox 2529 2888 2736 2937; x_wconf 86' lang='lat' dir='ltr'><strong>osten-</strong></span> 
     </span>
     <span class='ocr_line' id='line_1_34' title="bbox 521 2955 2739 3033; baseline 0.001 -20"><span class='ocrx_word' id='word_1_300' title='bbox 521 2957 773 3023; x_wconf 86' lang='lat' dir='ltr'><strong>duntur,</strong></span> <span class='ocrx_word' id='word_1_301' title='bbox 802 2955 1042 3013; x_wconf 88' lang='lat' dir='ltr'><strong>illorum</strong></span> <span class='ocrx_word' id='word_1_302' title='bbox 1078 2958 1318 3030; x_wconf 84' lang='lat' dir='ltr'><strong>quique,</strong></span> <span class='ocrx_word' id='word_1_303' title='bbox 1347 2966 1414 3016; x_wconf 92' lang='lat' dir='ltr'><strong>ut</strong></span> <span class='ocrx_word' id='word_1_304' title='bbox 1452 2976 1570 3033; x_wconf 85' lang='lat' dir='ltr'><strong>ego</strong></span> <span class='ocrx_word' id='word_1_305' title='bbox 1605 2959 1924 3031; x_wconf 89' lang='lat' dir='ltr'><strong>comperi0,</strong></span> <span class='ocrx_word' id='word_1_306' title='bbox 1953 2974 2140 3031; x_wconf 86' lang='lat' dir='ltr'><strong>quum</strong></span> <span class='ocrx_word' id='word_1_307' title='bbox 2165 2958 2412 3031; x_wconf 78' lang='lat' dir='ltr'><strong>puderet</strong></span> <span class='ocrx_word' id='word_1_308' title='bbox 2455 2974 2558 3015; x_wconf 87' lang='lat' dir='ltr'><strong>eos</strong></span> <span class='ocrx_word' id='word_1_309' title='bbox 2607 2976 2739 3015; x_wconf 77' lang='lat' dir='ltr'><strong>non</strong></span> 
     </span>
     <span class='ocr_line' id='line_1_35' title="bbox 522 3036 2736 3111; baseline 0.001 -20"><span class='ocrx_word' id='word_1_310' title='bbox 522 3036 859 3092; x_wconf 81' lang='lat' dir='ltr'><strong>interfuisse</strong></span> <span class='ocrx_word' id='word_1_311' title='bbox 885 3052 1127 3111; x_wconf 84' lang='lat' dir='ltr'><strong>pugnae,</strong></span> <span class='ocrx_word' id='word_1_312' title='bbox 1156 3037 1346 3092; x_wconf 71' lang='lat' dir='ltr'><strong>inanes</strong></span> <span class='ocrx_word' id='word_1_313' title='bbox 1368 3039 1696 3105; x_wconf 75' lang='lat' dir='ltr'><strong>excitarunt</strong></span> <span class='ocrx_word' id='word_1_314' title='bbox 1737 3037 1992 3102; x_wconf 77' lang='lat' dir='ltr'><strong>tumulos,</strong></span> <span class='ocrx_word' id='word_1_315' title='bbox 2018 3045 2384 3109; x_wconf 84' lang='lat' dir='ltr'><strong>posterorum</strong></span> <span class='ocrx_word' id='word_1_316' title='bbox 2414 3036 2736 3094; x_wconf 73' lang='lat' dir='ltr'><strong>hominum</strong></span> 
     </span>
     <span class='ocr_line' id='line_1_36' title="bbox 518 3110 2732 3190; baseline 0.001 -21"><span class='ocrx_word' id='word_1_317' title='bbox 518 3114 730 3189; x_wconf 82' lang='lat' dir='ltr'><strong>gratia.</strong></span> <span class='ocrx_word' id='word_1_318' title='bbox 807 3110 966 3169; x_wconf 83' lang='lat' dir='ltr'><strong>Nam</strong></span> <span class='ocrx_word' id='word_1_319' title='bbox 1007 3113 1224 3170; x_wconf 83' lang='lat' dir='ltr'><strong>ibidem</strong></span> <span class='ocrx_word' id='word_1_320' title='bbox 1260 3121 1348 3171; x_wconf 89' lang='lat' dir='ltr'><strong>est</strong></span> <span class='ocrx_word' id='word_1_321' title='bbox 1388 3117 1568 3172; x_wconf 79' lang='lat' dir='ltr'><strong>etiam</strong></span> <span class='ocrx_word' id='word_1_322' title='bbox 1595 3115 2030 3190; x_wconf 83' lang='lat' dir='ltr'><strong>AEginetarum,</strong></span> <span class='ocrx_word' id='word_1_323' title='bbox 2057 3114 2220 3188; x_wconf 82' lang='lat' dir='ltr'><strong>quod·</strong></span> <span class='ocrx_word' id='word_1_324' title='bbox 2258 3123 2502 3180; x_wconf 85' lang='lat' dir='ltr'><strong>vocant,</strong></span> <span class='ocrx_word' id='word_1_325' title='bbox 2531 3116 2732 3189; x_wconf 81' lang='lat' dir='ltr'><strong>sepul-</strong></span> 
     </span>
     <span class='ocr_line' id='line_1_37' title="bbox 521 3191 2731 3269; baseline 0.001 -22"><span class='ocrx_word' id='word_1_326' title='bbox 521 3208 685 3247; x_wconf 88' lang='lat' dir='ltr'><strong>crum</strong></span> <span class='ocrx_word' id='word_1_327' title='bbox 706 3215 723 3262; x_wconf 80' lang='lat'>3</span> <span class='ocrx_word' id='word_1_328' title='bbox 770 3191 925 3263; x_wconf 84' lang='lat' dir='ltr'><strong>quod</strong></span> <span class='ocrx_word' id='word_1_329' title='bbox 954 3208 1067 3266; x_wconf 88' lang='lat' dir='ltr'><strong>ego</strong></span> <span class='ocrx_word' id='word_1_330' title='bbox 1095 3192 1267 3247; x_wconf 79' lang='lat' dir='ltr'><strong>audio</strong></span> <span class='ocrx_word' id='word_1_331' title='bbox 1294 3193 1523 3250; x_wconf 89' lang='lat' dir='ltr'><strong>decimo</strong></span> <span class='ocrx_word' id='word_1_332' title='bbox 1551 3203 1688 3268; x_wconf 89' lang='lat' dir='ltr'><strong>post</strong></span> <span class='ocrx_word' id='word_1_333' title='bbox 1727 3194 1852 3249; x_wconf 88' lang='lat' dir='ltr'><strong>haec</strong></span> <span class='ocrx_word' id='word_1_334' title='bbox 1893 3210 2080 3259; x_wconf 85' lang='lat' dir='ltr'><strong>anuo,</strong></span> <span class='ocrx_word' id='word_1_335' title='bbox 2109 3192 2452 3267; x_wconf 82' lang='lat' dir='ltr'><strong>rogantibus</strong></span> <span class='ocrx_word' id='word_1_336' title='bbox 2479 3192 2731 3269; x_wconf 80' lang='lat' dir='ltr'><strong>AEgine·</strong></span> 
     </span>
     <span class='ocr_line' id='line_1_38' title="bbox 519 3268 2734 3346; baseline 0.001 -21"><span class='ocrx_word' id='word_1_337' title='bbox 519 3270 623 3340; x_wconf 80' lang='lat' dir='ltr'><strong>tis,</strong></span> <span class='ocrx_word' id='word_1_338' title='bbox 680 3288 717 3325; x_wconf 83' lang='lat' dir='ltr'><strong>a</strong></span> <span class='ocrx_word' id='word_1_339' title='bbox 757 3268 970 3325; x_wconf 85' lang='lat' dir='ltr'><strong>Cleade</strong></span> <span class='ocrx_word' id='word_1_340' title='bbox 1012 3271 1338 3327; x_wconf 84' lang='lat' dir='ltr'><strong>excitatum</strong></span> <span class='ocrx_word' id='word_1_341' title='bbox 1384 3290 1534 3337; x_wconf 87' lang='lat' dir='ltr'><strong>esse,</strong></span> <span class='ocrx_word' id='word_1_342' title='bbox 1579 3271 1854 3328; x_wconf 87' lang='lat' dir='ltr'><strong>Autodici</strong></span> <span class='ocrx_word' id='word_1_343' title='bbox 1897 3271 2041 3337; x_wconf 75' lang='lat' dir='ltr'><strong>filio,</strong></span> <span class='ocrx_word' id='word_1_344' title='bbox 2081 3271 2208 3327; x_wconf 80' lang='lat' dir='ltr'><strong>eive</strong></span> <span class='ocrx_word' id='word_1_345' title='bbox 2249 3270 2590 3338; x_wconf 82' lang='lat' dir='ltr'><strong>Plataeensi,</strong></span> <span class='ocrx_word' id='word_1_346' title='bbox 2627 3274 2734 3346; x_wconf 86' lang='lat' dir='ltr'><strong>qui</strong></span> 
     </span>
     <span class='ocr_line' id='line_1_39' title="bbox 521 3346 1633 3423; baseline 0.002 -20"><span class='ocrx_word' id='word_1_347' title='bbox 521 3346 793 3421; x_wconf 88' lang='lat' dir='ltr'><strong>publicus</strong></span> <span class='ocrx_word' id='word_1_348' title='bbox 816 3346 1233 3421; x_wconf 82' lang='lat' dir='ltr'><strong>AEgineta&#39;rum</strong></span> <span class='ocrx_word' id='word_1_349' title='bbox 1262 3350 1476 3423; x_wconf 85' lang='lat' dir='ltr'><strong>hospes</strong></span> <span class='ocrx_word' id='word_1_350' title='bbox 1504 3350 1633 3405; x_wconf 78' lang='lat' dir='ltr'><strong>fuit.</strong></span> 
     </span>
    </p>

    <p class='ocr_par' dir='ltr' id='par_1_7' title="bbox 518 3424 2732 4189">
     <span class='ocr_line' id='line_1_40' title="bbox 600 3424 2732 3501; baseline 0.002 -20"><span class='ocrx_word' id='word_1_351' title='bbox 600 3428 696 3481; x_wconf 85' lang='lat'><strong>86.</strong></span> <span class='ocrx_word' id='word_1_352' title='bbox 738 3424 997 3498; x_wconf 88' lang='lat' dir='ltr'><strong>Sepultis</strong></span> <span class='ocrx_word' id='word_1_353' title='bbox 1032 3424 1104 3481; x_wconf 87' lang='lat' dir='ltr'><strong>ad</strong></span> <span class='ocrx_word' id='word_1_354' title='bbox 1146 3424 1425 3485; x_wconf 81' lang='lat' dir='ltr'><strong>Plataeam</strong></span> <span class='ocrx_word' id='word_1_355' title='bbox 1468 3429 1737 3494; x_wconf 84' lang='lat' dir='ltr'><strong>mortuis,</strong></span> <span class='ocrx_word' id='word_1_356' title='bbox 1762 3426 2220 3485; x_wconf 78' lang='lat' dir='ltr'><strong>deliberantibus</strong></span> <span class='ocrx_word' id='word_1_357' title='bbox 2247 3427 2472 3483; x_wconf 79' lang='lat' dir='ltr'><strong>Groecis</strong></span> <span class='ocrx_word' id='word_1_358' title='bbox 2511 3426 2732 3501; x_wconf 68' lang='lat' dir='ltr'><strong>placuit</strong></span> 
     </span>
     <span class='ocr_line' id='line_1_41' title="bbox 518 3502 2732 3581; baseline 0.002 -22"><span class='ocrx_word' id='word_1_359' title='bbox 518 3504 791 3577; x_wconf 86' lang='lat' dir='ltr'><strong>protinus</strong></span> <span class='ocrx_word' id='word_1_360' title='bbox 820 3510 1011 3559; x_wconf 76' lang='lat' dir='ltr'><strong>contra</strong></span> <span class='ocrx_word' id='word_1_361' title='bbox 1044 3502 1251 3559; x_wconf 75' lang='lat' dir='ltr'><strong>Thebas</strong></span> <span class='ocrx_word' id='word_1_362' title='bbox 1277 3504 1429 3562; x_wconf 83' lang='lat' dir='ltr'><strong>ferre</strong></span> <span class='ocrx_word' id='word_1_363' title='bbox 1454 3522 1638 3576; x_wconf 85' lang='lat' dir='ltr'><strong>arma,</strong></span> <span class='ocrx_word' id='word_1_364' title='bbox 1665 3506 2076 3581; x_wconf 78' lang='lat' dir='ltr'><strong>postulareque</strong></span> <span class='ocrx_word' id='word_1_365' title='bbox 2115 3525 2152 3563; x_wconf 83' lang='lat' dir='ltr'>a</span> <span class='ocrx_word' id='word_1_366' title='bbox 2189 3504 2492 3563; x_wconf 81' lang='lat' dir='ltr'><strong>Thebanis</strong></span> <span class='ocrx_word' id='word_1_367' title='bbox 2519 3511 2588 3561; x_wconf 82' lang='lat' dir='ltr'><strong>ut</strong></span> <span class='ocrx_word' id='word_1_368' title='bbox 2611 3506 2732 3563; x_wconf 88' lang='lat' dir='ltr'><strong>sibi</strong></span> 
     </span>
     <span class='ocr_line' id='line_1_42' title="bbox 519 3579 2730 3657; baseline 0.001 -18"><span class='ocrx_word' id='word_1_369' title='bbox 519 3580 630 3639; x_wconf 87' lang='lat' dir='ltr'><strong>hos</strong></span> <span class='ocrx_word' id='word_1_370' title='bbox 658 3579 949 3639; x_wconf 88' lang='lat' dir='ltr'><strong>traderent</strong></span> <span class='ocrx_word' id='word_1_371' title='bbox 969 3582 1071 3655; x_wconf 90' lang='lat' dir='ltr'><strong>qui</strong></span> <span class='ocrx_word' id='word_1_372' title='bbox 1094 3582 1408 3639; x_wconf 88' lang='lat' dir='ltr'><strong>Medorum</strong></span> <span class='ocrx_word' id='word_1_373' title='bbox 1437 3591 1632 3656; x_wconf 85' lang='lat' dir='ltr'><strong>partes</strong></span> <span class='ocrx_word' id='word_1_374' title='bbox 1655 3592 1855 3641; x_wconf 88' lang='lat' dir='ltr'><strong>essent</strong></span> <span class='ocrx_word' id='word_1_375' title='bbox 1879 3584 2083 3649; x_wconf 84' lang='lat' dir='ltr'><strong>secuti,</strong></span> <span class='ocrx_word' id='word_1_376' title='bbox 2107 3582 2497 3657; x_wconf 87' lang='lat' dir='ltr'><strong>inprimisque</strong></span> <span class='ocrx_word' id='word_1_377' title='bbox 2519 3584 2730 3641; x_wconf 83' lang='lat' dir='ltr'><strong>Tima-</strong></span> 
     </span>
     <span class='ocr_line' id='line_1_43' title="bbox 518 3656 2732 3735; baseline 0.001 -18"><span class='ocrx_word' id='word_1_378' title='bbox 518 3660 798 3735; x_wconf 85' lang='lat' dir='ltr'><strong>genidem</strong></span> <span class='ocrx_word' id='word_1_379' title='bbox 844 3667 904 3714; x_wconf 91' lang='lat' dir='ltr'><strong>et</strong></span> <span class='ocrx_word' id='word_1_380' title='bbox 940 3660 1305 3735; x_wconf 84' lang='lat' dir='ltr'><strong>Attaginum,</strong></span> <span class='ocrx_word' id='word_1_381' title='bbox 1334 3663 1437 3735; x_wconf 90' lang='lat' dir='ltr'><strong>qui</strong></span> <span class='ocrx_word' id='word_1_382' title='bbox 1481 3680 1601 3735; x_wconf 87' lang='lat' dir='ltr'><strong>prae</strong></span> <span class='ocrx_word' id='word_1_383' title='bbox 1641 3663 1861 3719; x_wconf 84' lang='lat' dir='ltr'><strong>caeteris</strong></span> <span class='ocrx_word' id='word_1_384' title='bbox 1905 3663 2189 3735; x_wconf 81' lang='lat' dir='ltr'><strong>principes</strong></span> <span class='ocrx_word' id='word_1_385' title='bbox 2231 3656 2410 3730; x_wconf 80' lang='lat' dir='ltr'><strong>hujus</strong></span> <span class='ocrx_word' id='word_1_386' title='bbox 2457 3661 2732 3720; x_wconf 84' lang='lat' dir='ltr'><strong>factionis</strong></span> 
     </span>
     <span class='ocr_line' id='line_1_44' title="bbox 518 3738 2730 3811; baseline 0.001 -16"><span class='ocrx_word' id='word_1_387' title='bbox 518 3738 809 3796; x_wconf 84' lang='lat' dir='ltr'><strong>fuissent:</strong></span> <span class='ocrx_word' id='word_1_388' title='bbox 852 3754 998 3811; x_wconf 88' lang='lat' dir='ltr'><strong>quos</strong></span> <span class='ocrx_word' id='word_1_389' title='bbox 1042 3738 1153 3794; x_wconf 83' lang='lat' dir='ltr'><strong>nisi</strong></span> <span class='ocrx_word' id='word_1_390' title='bbox 1196 3740 1283 3797; x_wconf 89' lang='lat' dir='ltr'><strong>illi</strong></span> <span class='ocrx_word' id='word_1_391' title='bbox 1334 3739 1728 3807; x_wconf 84' lang='lat' dir='ltr'><strong>tradidissent,</strong></span> <span class='ocrx_word' id='word_1_392' title='bbox 1755 3758 1874 3797; x_wconf 88' lang='lat' dir='ltr'><strong>non</strong></span> <span class='ocrx_word' id='word_1_393' title='bbox 1897 3740 2206 3799; x_wconf 88' lang='lat' dir='ltr'><strong>abscedere</strong></span> <span class='ocrx_word' id='word_1_394' title='bbox 2245 3739 2628 3797; x_wconf 81' lang='lat' dir='ltr'><strong>decreverunt</strong></span> <span class='ocrx_word' id='word_1_395' title='bbox 2653 3740 2730 3797; x_wconf 90' lang='lat' dir='ltr'><strong>ab</strong></span> 
     </span>
     <span class='ocr_line' id='line_1_45' title="bbox 518 3816 2731 3893; baseline 0 -18"><span class='ocrx_word' id='word_1_396' title='bbox 518 3816 689 3884; x_wconf 89' lang='lat' dir='ltr'><strong>urbe,</strong></span> <span class='ocrx_word' id='word_1_397' title='bbox 717 3816 858 3889; x_wconf 84' lang='lat' dir='ltr'><strong>quin</strong></span> <span class='ocrx_word' id='word_1_398' title='bbox 879 3834 1007 3873; x_wconf 87' lang='lat' dir='ltr'><strong>eam</strong></span> <span class='ocrx_word' id='word_1_399' title='bbox 1034 3826 1482 3893; x_wconf 82' lang='lat' dir='ltr'><strong>expugnassent.</strong></span> <span class='ocrx_word' id='word_1_400' title='bbox 1566 3819 1765 3893; x_wconf 85' lang='lat' dir='ltr'><strong>thue</strong></span> <span class='ocrx_word' id='word_1_401' title='bbox 1789 3819 1902 3876; x_wconf 83' lang='lat' dir='ltr'><strong>hoe</strong></span> <span class='ocrx_word' id='word_1_402' title='bbox 1927 3819 2008 3875; x_wconf 87' lang='lat' dir='ltr'><strong>eis</strong></span> <span class='ocrx_word' id='word_1_403' title='bbox 2034 3818 2274 3890; x_wconf 77' lang='lat' dir='ltr'><strong>placuit,</strong></span> <span class='ocrx_word' id='word_1_404' title='bbox 2305 3817 2390 3872; x_wconf 84' lang='lat' dir='ltr'><strong>ita</strong></span> <span class='ocrx_word' id='word_1_405' title='bbox 2413 3817 2731 3875; x_wconf 85' lang='lat' dir='ltr'><strong>undecimo</strong></span> 
     </span>
     <span class='ocr_line' id='line_1_46' title="bbox 518 3893 2728 3971; baseline 0 -18"><span class='ocrx_word' id='word_1_406' title='bbox 518 3904 656 3970; x_wconf 89' lang='lat' dir='ltr'><strong>post</strong></span> <span class='ocrx_word' id='word_1_407' title='bbox 707 3908 973 3971; x_wconf 80' lang='lat' dir='ltr'><strong>pugnam</strong></span> <span class='ocrx_word' id='word_1_408' title='bbox 1026 3893 1121 3951; x_wconf 90' lang='lat' dir='ltr'><strong>die</strong></span> <span class='ocrx_word' id='word_1_409' title='bbox 1174 3896 1249 3951; x_wconf 85' lang='lat' dir='ltr'><strong>ad</strong></span> <span class='ocrx_word' id='word_1_410' title='bbox 1300 3894 1534 3953; x_wconf 83' lang='lat' dir='ltr'><strong>Thebas</strong></span> <span class='ocrx_word' id='word_1_411' title='bbox 1584 3903 1910 3967; x_wconf 79' lang='lat' dir='ltr'><strong>venerunt3</strong></span> <span class='ocrx_word' id='word_1_412' title='bbox 1980 3898 2306 3969; x_wconf 85' lang='lat' dir='ltr'><strong>urbemque</strong></span> <span class='ocrx_word' id='word_1_413' title='bbox 2365 3894 2728 3961; x_wconf 84' lang='lat' dir='ltr'><strong>obsidentes,</strong></span> 
     </span>
     <span class='ocr_line' id='line_1_47' title="bbox 521 3972 2730 4047; baseline 0.002 -20"><span class='ocrx_word' id='word_1_414' title='bbox 521 3974 894 4047; x_wconf 81' lang='lat' dir='ltr'><strong>postularunt</strong></span> <span class='ocrx_word' id='word_1_415' title='bbox 923 3980 989 4030; x_wconf 90' lang='lat' dir='ltr'><strong>ut</strong></span> <span class='ocrx_word' id='word_1_416' title='bbox 1032 3972 1294 4047; x_wconf 80' lang='lat' dir='ltr'><strong>praedicti</strong></span> <span class='ocrx_word' id='word_1_417' title='bbox 1334 3974 1447 4030; x_wconf 84' lang='lat' dir='ltr'><strong>viri</strong></span> <span class='ocrx_word' id='word_1_418' title='bbox 1489 3974 1602 4031; x_wconf 90' lang='lat' dir='ltr'><strong>sibi</strong></span> <span class='ocrx_word' id='word_1_419' title='bbox 1649 3974 2032 4033; x_wconf 88' lang='lat' dir='ltr'><strong>dederentur:</strong></span> <span class='ocrx_word' id='word_1_420' title='bbox 2076 3982 2160 4040; x_wconf 87' lang='lat' dir='ltr'><strong>et,</strong></span> <span class='ocrx_word' id='word_1_421' title='bbox 2189 3972 2547 4047; x_wconf 80' lang='lat' dir='ltr'><strong>negantibus</strong></span> <span class='ocrx_word' id='word_1_422' title='bbox 2573 3974 2730 4031; x_wconf 82' lang='lat' dir='ltr'><strong>The·</strong></span> 
     </span>
     <span class='ocr_line' id='line_1_48' title="bbox 522 4048 2730 4129; baseline 0.001 -23"><span class='ocrx_word' id='word_1_423' title='bbox 522 4048 693 4107; x_wconf 78' lang='lat' dir='ltr'><strong>banis</strong></span> <span class='ocrx_word' id='word_1_424' title='bbox 720 4069 783 4108; x_wconf 91' lang='lat' dir='ltr'><strong>se</strong></span> <span class='ocrx_word' id='word_1_425' title='bbox 809 4050 868 4107; x_wconf 86' lang='lat' dir='ltr'><strong>id</strong></span> <span class='ocrx_word' id='word_1_426' title='bbox 894 4050 1176 4120; x_wconf 78' lang='lat' dir='ltr'><strong>facturos,</strong></span> <span class='ocrx_word' id='word_1_427' title='bbox 1204 4068 1419 4127; x_wconf 80' lang='lat' dir='ltr'><strong>agrum</strong></span> <span class='ocrx_word' id='word_1_428' title='bbox 1469 4052 1708 4111; x_wconf 90' lang='lat' dir='ltr'><strong>illorum</strong></span> <span class='ocrx_word' id='word_1_429' title='bbox 1755 4058 2082 4121; x_wconf 79' lang='lat' dir='ltr'><strong>vastarunt,</strong></span> <span class='ocrx_word' id='word_1_430' title='bbox 2108 4068 2468 4125; x_wconf 82' lang='lat' dir='ltr'><strong>murumque</strong></span> <span class='ocrx_word' id='word_1_431' title='bbox 2495 4069 2730 4129; x_wconf 80' lang='lat' dir='ltr'><strong>oppug-</strong></span> 
     </span>
     <span class='ocr_line' id='line_1_49' title="bbox 523 4137 1535 4189; baseline 0.002 -2"><span class='ocrx_word' id='word_1_432' title='bbox 523 4137 763 4189; x_wconf 67' lang='lat' dir='ltr'><strong>nerunt.</strong></span> <span class='ocrx_word' id='word_1_433' title='bbox 1278 4158 1283 4163; x_wconf 94' lang='lat'><strong>·</strong></span> <span class='ocrx_word' id='word_1_434' title='bbox 1529 4146 1535 4153; x_wconf 82' lang='grc'><em>’</em></span> 
     </span>
    </p>
   </div>
  </div>
 </body>
</html>
