2925 4992
541 327 636 382 40.
1121 315 1618 376 ΗΕΒΟΒΟΤΙ
1686 311 2058 374 HISTOR
2108 311 2159 370 Ι.

543 489 588 524 ‘-‘
613 480 778 538 Medi
830 495 1016 553 quum
1067 477 1273 543 simus,
1317 437 1591 532 servituri
1638 491 1871 554 sumus,
1890 481 1974 529 et
1998 473 2163 536 nulla
2196 472 2273 528 in
2318 469 2771 530 existimatione

569 561 834 616 ‘erimus
859 558 1012 632 apud
1042 556 1268 621 Persas,
1299 563 1507 628 utpote
1551 555 1825 610 extranei.
1904 554 2003 609 Ex
2027 570 2143 627 quo
2166 562 2230 606 tu
2256 569 2399 606 vero
2422 553 2767 624 auspicatus

541 647 590 674 “
603 656 684 698 es
711 655 982 713 regnum,
1011 637 1109 709 qui
1139 635 1438 709 popularis
1459 651 1527 690 es
1558 640 1777 698 noster,
1806 641 1865 687 et
1892 649 2209 724 regnamus
2232 646 2305 686 ex
2330 638 2537 686 nostra
2564 641 2763 703 parte,

573 726 682 774 ‘et
705 733 952 790 magnos
979 735 1014 770 a
1043 722 1102 770 te
1127 716 1372 771 honores
1399 713 1752 769 obtinemus.
1832 711 1925 767 lta
1967 713 2152 786 igitur
2192 710 2437 764 omnino
2474 716 2535 764 et
2564 707 2677 764 tibi
2706 718 2767 765 et

544 802 802 870 “regno
829 803 946 851 tuo·
937 794 1238 850 ·debemus
1265 793 1614 866 prospicere.
1684 791 1765 846 Et
1788 807 1971 856 nunc,
2002 791 2051 846 si
2076 789 2211 863 quid
2237 789 2399 862 quod
2421 788 2767 846 timendum

565 883 770 930 ‘esset
811 891 1204 937 cerneremus»,
1245 882 1456 928 cuncta
1496 871 1609 926 tibi
1654 869 1989 942 praedicturi
2030 887 2295 926 eramus:
2342 876 2447 933 at,
2470 884 2661 940 quum
2700 870 2765 924 in

565 962 742 1012 ‘rem
757 953 984 1010 ,exilem
1031 951 1238 1007 exierit
1276 949 1669 1014 insomnium,
1698 955 1759 1004 et
1786 965 1895 1002 nos
1924 947 2297 1013 confidimuS,
2334 952 2395 1002 et
2420 959 2479 1002 te
2502 955 2573 1003 ut
2600 948 2767 1006 idem

543 1033 800 1088 “facias
843 1031 1160 1086 hortamur
1243 1028 1422 1086 Hunc
1461 1045 1599 1084 vero
1642 1045 1895 1101 puerum
1946 1045 1979 1082 e
2032 1033 2355 1100 conspectu
2408 1023 2648 1082 dimitte
2696 1028 2765 1084 in

543 1111 818 1167 “Persas
845 1118 906 1166 et
931 1109 1005 1164 ad
1031 1125 1170 1166 suos
1196 1110 1525 1180 parentes?

607 1195 757 1246 121.
798 1189 929 1244 His
941 1189 1156 1299 auditis
1181 1188 1416 1261 gavisus
1443 1187 1751 1261 Astyages,
1778 1150 1998 1259 Cyrum
2012 1185 2097 1240 ad
2122 1201 2185 1239 se
2204 1193 2485 1242 vocatum
2506 1183 2603 1240 his
2628 1198 2767 1240 ver-

542 1227 634 1332 bis
669 1267 1022 1360 compellat.
1120 1269 1230 1322 ‘0
1263 1283 1429 1338 puer,
1486 1283 1601 1340 ego
1652 1274 1893 1338 propter
1941 1281 2167 1320 vanum
2218 1265 2533 1320 insomnii
2559 1263 2765 1320 visum

545 1342 822 1418 “injuria
847 1355 910 1402 te
931 1345 1159 1412 adfeci3
1206 1352 1277 1400 tu
1320 1362 1460 1400 vero
1506 1353 1613 1400 tuo
1640 1344 1763 1400 fato
1806 1360 2059 1415 superes,
2140 1343 2317 1404 Nune
2357 1344 2566 1419 igitur,
2598 1343 2765 1416 quod

543 1432 588 1484 5‘
617 1423 762 1482 felix
783 1427 896 1482 tibi
921 1432 1096 1498 atque
1121 1424 1384 1479 faustum
1408 1423 1507 1490 sit,
1532 1423 1629 1478 abi
1658 1423 1719 1478 in
1736 1421 1937 1478 Persas
1958 1445 1975 1490 3
2008 1439 2139 1494 ‘quo
2164 1426 2265 1494 qui
2294 1431 2352 1478 te
2378 1423 2763 1489 comitentur,

543 1511 590 1558 5‘
619 1512 818 1562 tecum
847 1505 1101 1561 mittam.
1143 1501 1236 1556 Eo
1259 1521 1442 1575 quum
1468 1503 1979 1573 venet-impetrem*
1998 1501 2081 1554 ibi
2110 1508 2171 1555 et
2194 1510 2443 1556 matrem
2472 1501 2766 1570 invenies,

544 1589 588 1645 ἢ(
613 1601 734 1640 non
763 1579 890 1652 ejus
917 1583 1088 1638 sortis
1113 1577 1282 1651 cujus
1309 1590 1450 1637 sunt
1476 1579 1822 1636 Mitradates
1846 1579 2137 1634 bubulcus
2168 1579 2441 1654 illiusque
2464 1583 2680 1636 uxor.'’

625 1667 755 1732 122.
801 1662 950 1718 Haec
989 1677 1176 1732 quum
1221 1659 1462 1716 dixisset
1502 1660 1811 1733 Astyages,
1850 1659 2073 1713 dimisit
2114 1659 2352 1732 Cyrum.
2436 1659 2657 1728 Quem,
2688 1661 2763 1718 ad

531 1741 850 1814 Cambysis
879 1739 1030 1801 aedes
1069 1740 1352 1805 delatum,
1383 1757 1649 1811 recepere
1688 1744 1993 1810 parentes3
2036 1734 2469 1812 receptumque,
2496 1739 2601 1794 ubi
2628 1740 2763 1812 quis

539 1827 696 1878 esset
741 1835 1108 1892 cognovere,-·
1137 1817 1473 1874 vehementi
1514 1835 1659 1872 cum·
1680 1817 1899 1890 gaudio
1942 1824 2085 1872 sunt
2122 1817 2457 1890 amplexati,
2486 1827 2555 1872 ut
2580 1835 2763 1890 quem

531 1898 809 1972 protinus
837 1916 876 1958 a
900 1904 1072 1970 partu
1096 1896 1284 1956 vitam
1327 1893 1545 1950 finiisse
1572 1896 2027 1951 arbitrarentur:
2074 1897 2557 1968 percunctatique
2596 1906 2763 1962 sunt,

536 1994 802 2052 ‘quonam
825 1984 1002 2049 pacto
1025 1974 1398 2048 superFuerit.
1478 1973 1559 2028 Et
1592 1974 1699 2029 ille
1742 1991 1865 2030 rem
1904 1974 2207 2046 exposuit3
2254 1975 2471 2040 dicem,
2500 1994 2557 2030 se
2582 1979 2765 2048 ipsum

543 2062 706 2112 antea
733 2057 1028 2120 nescivisse,
1051 2055 1144 2114 sed
1164 2054 1463 2125 plurimum
1490 2071 1527 2108 a
1552 2071 1679 2107 vero
1700 2053 2009 2118 aberrasse3
2047 2059 2109 2116 in
2128 2053 2323 2109 itinere
2346 2062 2532 2109 autem
2554 2057 2761 2122 omnia,

537 2141 664 2206 -q'uae
689 2134 788 2190 sibi
813 2135 1134 2197 acciderint,
1161 2133 1448 2187 rescivisse.
1532 2132 1767 2187 Putas-se
1792 2133 1935 2186 enim
1970 2133 2275 2205 cssefilium
2304 2133 2519 2188 bubulci
2546 2137 2761 2206 Astya-

541 2215 628 2285 gis
645 2237 666 2279 ,-
703 2213 796 2268 sed
823 2230 890 2268 ex
917 2211 1106 2268 Media
1131 2211 1238 2269 Ιιιιο
1260 2213 1372 2266 iter
1397 2209 1700 2282 facientem
1748 2217 1919 2266 totam
1946 2229 2058 2265 rem
2098 2228 2165 2266 ex
2208 2213 2488 2267 comitibus
2513 2216 2629 2268 sais
2654 2231 2763 2268 :co-

543 2293 803 2364 gnovisse.
885 2289 1404 2349 Commemorabat
1449 2301 1647 2346 autem
1676 2291 1963 2345 educatum
1986 2307 2051 2346 se.
2060 2289 2241 2362 fuisse
2266 2309 2303 2346 a
2324 2291 2549 2346 bubulci
2572 2309 2763 2350 uxore.

546 2371 629 2427 Et
655 2371 802 2426 hanc
828 2369 1106 2426 laudabat
1131 2369 1521 2434 continenter,
1548 2376 1787 2442 eratque
1825 2369 1880 2423 ei
1920 2385 2259 2424 sermonum
2286 2371 2552 2427 omnium
2580 2387 2773 2445 ατς-ιιι

542 2457 812 2509 mentum
873 2449 1058 2523 Cyna.
1163 2446 1344 2506 Quod
1403 2463 1622 2502 nomen
1690 2447 2045 2520 adripientes
2110 2456 2375 2520 parentes
2428 2446 2577 2520 ejuS,
2616 2467 2764 2524 ·quo

545 2529 757 2604 magis
751 2527 1050 2584 divinitus
1077 2541 1378 2599 superesse
1406 2525 1599 2582 Persis
1624 2525 1919 2581 videretur
1944 2543 2112 2598 puer,
2140 2537 2481 2600 sparserunt
2510 2529 2763 2598 famam,

529 2605 710 2681 fuisse
742 2607 965 2680 Cyrum,
998 2623 1160 2678 quum
1183 2607 1456 2677 expositus
1482 2611 1637 2670 essct,
1666 2623 1701 2658 a
1726 2623 1861 2660 cane
1880 2607 2193 2662 enutritum.
2272 2605 2423 2663 Inde
2448 2609 2575 2663 haec
2598 2609 2767 2669 fama

546 2687 610 2742 in
633 2685 850 2760 vulgus
875 2685 1154 2740 manavit.
1838 2711 1843 2718 ·

629 2768 759 2824 128.
801 2762 940 2820 Jam
966 2763 1198 2818 virilem
1214 2769 1452 2820 aetatem
1488 2764 1815 2836 ingressum
1834 2765 2078 2836 Cyrum,
2108 2781 2291 2838 quum
2318 2771 2378 2820 et
2402 2731 2765 2824 fortissimus

547 2849 702 2898 esset
727 2859 972 2898 suorum
999 2842 1310 2915 aequalium
1335 2850 1396 2898 et
1421 2843 1697 2898 omnibus
1722 2843 2076 2908 carissimuS,
2098 2844 2411 2900 solicitavit
2438 2845 2763 2922 Harpagus

547 2921 724 2978 donis
769 2921 982 2987 missiS,
1027 2921 1100 2976 de
1147 2921 1405 3010 Astyage
1451 2922 1727 2994 cupiens
1744 2939 1949 2994 capere
2000 2923 2309 2978 ultionem.
2388 2923 2546 2978 Nam
2596 2943 2634 2979 a
2676 2943 2761 2992 se,

545 3001 778 3074 privato
824 3001 1091 3065 homine,
1145 2995 1515 3074 intelligebat
1564 3000 1888 3056 vindictam
1938 3001 2213 3056 adversus
2266 3003 2585 3090 Astyagem
2640 3022 2764 3061 non

545 3093 724 3157 posse
763 3080 1052 3136 existere.
1097 3079 1196 3136 sed
1227 3080 1444 3153 Cyrum
1495 3080 1699 3135 videns
1744 3079 2231 3146 subcrescentem,
2260 3081 2415 3136 hunc
2458 3079 2575 3136 sibi
2614 3101 2771 3140 cona·

543 3159 745 3226 ciliare
771 3158 998 3214 socium
1035 3157 1286 3219 studuit
1313 3175 1448 3230 quae
1476 3159 1661 3230 Cyrus
1694 3175 1905 3230 passus
1944 3165 2067 3214 erat
2118 3177 2253 3214 cum
2300 3177 2412 3214 sua
2449 3161 2762 3220 conferens

545 3237 896 3298 calamitate.
979 3235 1094 3292 Sed
1126 3232 1254 3306 jam
1302 3243 1479 3292 antea
1523 3237 1637 3292 hoc
1680 3236 1757 3292 ab
1798 3237 1903 3290 illo
1951 3246 2340 3311 praeparatum
2370 3245 2530 3294 erat:
2545 3257 2763 3334 quum

545 3315 834 3372 acerbus
818 3333 880 3371 m
905 3313 1114 3370 Medos
1143 3320 1296 3372 esset
1313 3316 1623 3406 Astyages,
1646 3316 1963 3389 Harpagus
1988 3333 2122 3372 cum
2152 3334 2509 3390 unoquoque
2536 3321 2763 3391 prinei-

545 3411 692 3468 pum
734 3393 1052 3450 Medorum
1099 3391 1390 3466 colloquia
1429 3395 1701 3459 miscens,
1730 3407 2089 3467 persuaserat
2118 3393 2253 3462 iuis,
2280 3415 2485 3452 necesse
2510 3415 2625 3454 esse
2654 3399 2763 3473 cy-

547 3491 674 3530 rum
699 3473 854 3529 rebus
874 3471 1166 3546 proeficere,
1205 3479 1258 3526 et
1279 3473 1454 3564 fif'em
1465 3471 1665 3544 facere
1710 3491 1875 3546 regno
1899 3473 2177 3548 Astyagis.
2264 3475 2377 3530 His
2408 3473 2493 3530 ita
2532 3493 2762 3550 praepa-

547 3552 711 3618 ratiS,
741 3553 824 3608 sic
863 3552 1104 3608 demum
1135 3552 1287 3626 Cyro
1331 3551 1391 3607 in
1441 3552 1631 3607 Persis
1662 3553 1927 3608 versanti
1970 3555 2193 3626 aperire
2232 3551 2540 3610 consilium
2582 3572 2763 3613 suum

547 3630 795 3702 cupiens
840 3629 1186 3702 Harpagus,
1229 3647 1414 3703 quum
1463 3630 1657 3687 aliter·
1676 3631 1737 3686 id
1778 3630 2023 3699 efficere,
2068 3633 2375 3689 custoditis
2420 3634 2763 3704 itineribuS,

547 3726 672 3766 non
704 3717 918 3781 posset,
947 3708 1054 3764 tali
1099 3726 1235 3764 usus
1277 3716 1368 3765 est
1415 3718 1769 3766 commento.
1848 3709 2147 3784 Leporem
2186 3712 2391 3767 callide
2431 3713 2757 3773 instruxit·
2739 3755 2757 3784 ,

548 3783 716 3856 cujus
743 3787 960 3852 ventri,
989 3787 1074 3842 ita
1099 3789 1342 3850 rescisso
1380 3797 1449 3844 ut
1491 3789 1643 3844 nihil
1680 3789 1937 3861 pilorum
1968 3791 2263 3854 avelleret,
2292 3799 2467 3862 prout
2492 3799 2640 3858 erat,
2671 3794 2761 3848 in-

549 3867 696 3922 didit
735 3865 1028 3933 libellum,
1065 3865 1130 3922 in
1175 3885 1294 3940 quo
1338 3885 1471 3941 quae
1512 3868 1776 3923 voluerat
1818 3869 2035 3941 scripta
2076 3878 2275 3926 erant:
2326 3877 2479 3934 tum,
2510 3880 2760 3928 consuto

546 3963 747 4002 rursu-s
775 3955 997 4009 ventre,
1025 3944 1286 4018 leporem
1313 3955 1491 4019 atque
1536 3947 1705 4011 retia,
1734 3947 1921 4001 veluti
1952 3949 2258 4011 -venatori,
2286 3949 2527 4004 tradidit
2552 3966 2756 4014 servo—

547 4037 680 4082 rum
732 4023 1042 4090 fidissime,
1085 4041 1340 4096 eumque
1386 4025 1448 4080 in
1500 4026 1703 4082 Persas
1748 4022 1933 4092 misit,
1962 4044 2063 4083 ore
2116 4035 2289 4086 tenus
2336 4027 2449 4082 hoc
2482 4025 2759 4098 adjiciens

549 4102 918 4178 mandatum,
946 4112 1014 4158 u't
1056 4103 1210 4176 Cyro
1255 4104 1516 4177 leporem
1560 4104 1793 4161 tradens
1825 4101 1999 4160 simul
2038 4107 2275 4172 diceret,
2300 4123 2507 4162 necesse
2546 4125 2656 4164 esse
2695 4115 2763 4164 ut

549 4181 645 4238 ille
671 4199 771 4240 sua
798 4188 963 4248 manu
989 4199 1110 4240 eum
1135 4189 1428 4262 exemeret,
1451 4201 1621 4259 neque
1646 4185 1935 4258 quisquam·
1958 4184 2307 4260 hocfeciemi
2332 4186 2493 4244 adsit.
2516 4227 2525 4232 -
