<?xml version="1.0" encoding="UTF-8"?>
<!DOCTYPE html PUBLIC "-//W3C//DTD XHTML 1.0 Transitional//EN"
    "http://www.w3.org/TR/xhtml1/DTD/xhtml1-transitional.dtd">
<html xmlns="http://www.w3.org/1999/xhtml" xml:lang="en" lang="en">
 <head>
  <title>
</title>
<meta http-equiv="Content-Type" content="text/html;charset=utf-8" />
  <meta name='ocr-system' content='tesseract 3.04.00' />
  <meta name='ocr-capabilities' content='ocr_page ocr_carea ocr_par ocr_line ocrx_word'/>
</head>
<body>
  <div class='ocr_page' id='page_1' title='image "./herodotihistori00schagoog_0223.png"; bbox 0 0 2925 4992; ppageno 0'>
   <div class='ocr_carea' id='block_1_1' title="bbox 334 299 2394 432">
    <p class='ocr_par' dir='ltr' id='par_1_1' title="bbox 334 299 2394 432">
     <span class='ocr_line' id='line_1_1' title="bbox 334 299 2394 432; baseline 0 -31"><span class='ocrx_word' id='word_1_1' title='bbox 334 299 391 432; x_wconf 55' lang='grc' dir='ltr'><strong>ς’</strong></span> <span class='ocrx_word' id='word_1_2' title='bbox 986 338 1596 408; x_wconf 75' lang='lat' dir='ltr'><strong>MELPOMENE.</strong></span> <span class='ocrx_word' id='word_1_3' title='bbox 1814 361 1824 373; x_wconf 89' lang='lat'><strong>·</strong></span> <span class='ocrx_word' id='word_1_4' title='bbox 2271 342 2394 402; x_wconf 72' lang='lat' dir='ltr'><strong>mr</strong></span> 
     </span>
    </p>
   </div>
   <div class='ocr_carea' id='block_1_2' title="bbox 168 494 2452 4342">
    <p class='ocr_par' dir='ltr' id='par_1_2' title="bbox 168 494 2452 4342">
     <span class='ocr_line' id='line_1_2' title="bbox 188 494 2382 577; baseline 0.001 -19"><span class='ocrx_word' id='word_1_5' title='bbox 188 495 428 560; x_wconf 55' lang='lat' dir='ltr'><strong>&#39;illatum</strong></span> <span class='ocrx_word' id='word_1_6' title='bbox 468 494 688 559; x_wconf 74' lang='lat' dir='ltr'><strong>vicinia</strong></span> <span class='ocrx_word' id='word_1_7' title='bbox 732 504 903 556; x_wconf 74' lang='lat' dir='ltr'><strong>erant</strong></span> <span class='ocrx_word' id='word_1_8' title='bbox 944 500 1201 567; x_wconf 78' lang='lat' dir='ltr'><strong>oriundi,</strong></span> <span class='ocrx_word' id='word_1_9' title='bbox 1246 520 1429 557; x_wconf 84' lang='lat' dir='ltr'><strong>unam</strong></span> <span class='ocrx_word' id='word_1_10' title='bbox 1477 508 1704 577; x_wconf 89' lang='lat' dir='ltr'><strong>partem</strong></span> <span class='ocrx_word' id='word_1_11' title='bbox 1747 498 2054 558; x_wconf 58' lang='lat' dir='ltr'><strong>constituit</strong></span> <span class='ocrx_word' id='word_1_12' title='bbox 2071 514 2090 553; x_wconf 75' lang='grc' dir='ltr'><em>ε</em></span> <span class='ocrx_word' id='word_1_13' title='bbox 2137 496 2382 560; x_wconf 75' lang='lat' dir='ltr'><strong>alteram</strong></span> 
     </span>
     <span class='ocr_line' id='line_1_3' title="bbox 204 577 2381 655; baseline 0 -18"><span class='ocrx_word' id='word_1_14' title='bbox 204 588 413 655; x_wconf 85' lang='lat' dir='ltr'><strong>partem</strong></span> <span class='ocrx_word' id='word_1_15' title='bbox 450 578 1035 637; x_wconf 66' lang='lat' dir='ltr'><strong>Lacedaemoniorum</strong></span> <span class='ocrx_word' id='word_1_16' title='bbox 1068 586 1129 637; x_wconf 89' lang='lat' dir='ltr'><strong>et</strong></span> <span class='ocrx_word' id='word_1_17' title='bbox 1162 582 1570 651; x_wconf 83' lang='lat' dir='ltr'><strong>Cretensium3</strong></span> <span class='ocrx_word' id='word_1_18' title='bbox 1613 580 1846 639; x_wconf 79' lang='lat' dir='ltr'><strong>tertiam</strong></span> <span class='ocrx_word' id='word_1_19' title='bbox 1885 578 2246 651; x_wconf 86' lang='lat' dir='ltr'><strong>reliquorum</strong></span> <span class='ocrx_word' id='word_1_20' title='bbox 2283 577 2381 637; x_wconf 86' lang='lat' dir='ltr'><strong>iu-</strong></span> 
     </span>
     <span class='ocr_line' id='line_1_4' title="bbox 204 658 2384 735; baseline 0 -19"><span class='ocrx_word' id='word_1_21' title='bbox 204 659 503 717; x_wconf 79' lang='lat' dir='ltr'><strong>salarium:</strong></span> <span class='ocrx_word' id='word_1_22' title='bbox 536 658 765 725; x_wconf 86' lang='lat' dir='ltr'><strong>deinde,</strong></span> <span class='ocrx_word' id='word_1_23' title='bbox 782 660 1039 732; x_wconf 82' lang='lat' dir='ltr'><strong>exceptis</strong></span> <span class='ocrx_word' id='word_1_24' title='bbox 1066 661 1223 735; x_wconf 81' lang='lat' dir='ltr'><strong>agris</strong></span> <span class='ocrx_word' id='word_1_25' title='bbox 1252 660 1427 715; x_wconf 85' lang='lat' dir='ltr'><strong>sacris</strong></span> <span class='ocrx_word' id='word_1_26' title='bbox 1448 668 1508 716; x_wconf 91' lang='lat' dir='ltr'><strong>et</strong></span> <span class='ocrx_word' id='word_1_27' title='bbox 1527 658 1890 723; x_wconf 71' lang='lat' dir='ltr'><strong>sacerdotiiS,</strong></span> <span class='ocrx_word' id='word_1_28' title='bbox 1907 674 2042 729; x_wconf 81' lang='lat' dir='ltr'><strong>quoe</strong></span> <span class='ocrx_word' id='word_1_29' title='bbox 2061 658 2188 735; x_wconf 84' lang='lat' dir='ltr'><strong>regi</strong></span> <span class='ocrx_word' id='word_1_30' title='bbox 2201 658 2384 717; x_wconf 81' lang='lat' dir='ltr'><strong>Batto</strong></span> 
     </span>
     <span class='ocr_line' id='line_1_5' title="bbox 202 736 2381 814; baseline 0.002 -21"><span class='ocrx_word' id='word_1_31' title='bbox 202 738 405 805; x_wconf 84' lang='lat' dir='ltr'><strong>tribuit,</strong></span> <span class='ocrx_word' id='word_1_32' title='bbox 420 738 647 811; x_wconf 83' lang='lat' dir='ltr'><strong>reliqua</strong></span> <span class='ocrx_word' id='word_1_33' title='bbox 665 738 889 811; x_wconf 80' lang='lat' dir='ltr'><strong>omnia,</strong></span> <span class='ocrx_word' id='word_1_34' title='bbox 904 754 1036 811; x_wconf 81' lang='lat' dir='ltr'><strong>quae</strong></span> <span class='ocrx_word' id='word_1_35' title='bbox 1062 745 1235 795; x_wconf 84' lang='lat' dir='ltr'><strong>antea</strong></span> <span class='ocrx_word' id='word_1_36' title='bbox 1262 752 1473 814; x_wconf 78' lang='lat' dir='ltr'><strong>regum</strong></span> <span class='ocrx_word' id='word_1_37' title='bbox 1499 738 1758 805; x_wconf 81' lang='lat' dir='ltr'><strong>fuerant,</strong></span> <span class='ocrx_word' id='word_1_38' title='bbox 1781 737 2000 813; x_wconf 85' lang='lat' dir='ltr'><strong>populo</strong></span> <span class='ocrx_word' id='word_1_39' title='bbox 2029 736 2091 793; x_wconf 90' lang='lat' dir='ltr'><strong>in</strong></span> <span class='ocrx_word' id='word_1_40' title='bbox 2119 737 2381 797; x_wconf 80' lang='lat' dir='ltr'><strong>medium</strong></span> 
     </span>
     <span class='ocr_line' id='line_1_6' title="bbox 370 817 2372 876; baseline 0.001 -3"><span class='ocrx_word' id='word_1_41' title='bbox 370 817 511 876; x_wconf 85' lang='lat' dir='ltr'><strong>suit.</strong></span> <span class='ocrx_word' id='word_1_42' title='bbox 708 834 715 841; x_wconf 86' lang='lat'><strong>·</strong></span> <span class='ocrx_word' id='word_1_43' title='bbox 1243 854 1251 859; x_wconf 80' lang='lat'>·</span> <span class='ocrx_word' id='word_1_44' title='bbox 2365 832 2372 843; x_wconf 88' lang='lat'>·</span> 
     </span>
     <span class='ocr_line' id='line_1_7' title="bbox 202 834 2382 971; baseline 0.001 -20"><span class='ocrx_word' id='word_1_45' title='bbox 202 834 396 955; x_wconf 46' lang='lat' dir='ltr'><strong>wig}</strong></span> <span class='ocrx_word' id='word_1_46' title='bbox 440 896 477 953; x_wconf 88' lang='lat' dir='ltr'>J</span> <span class='ocrx_word' id='word_1_47' title='bbox 482 912 604 963; x_wconf 90' lang='lat' dir='ltr'><strong>am,</strong></span> <span class='ocrx_word' id='word_1_48' title='bbox 624 902 912 971; x_wconf 79' lang='lat' dir='ltr'>regnante</span> <span class='ocrx_word' id='word_1_49' title='bbox 936 894 1176 971; x_wconf 85' lang='lat' dir='ltr'><strong>quidem</strong></span> <span class='ocrx_word' id='word_1_50' title='bbox 1204 896 1317 954; x_wconf 90' lang='lat' dir='ltr'><strong>hoc</strong></span> <span class='ocrx_word' id='word_1_51' title='bbox 1336 896 1537 964; x_wconf 85' lang='lat' dir='ltr'><strong>Batto,</strong></span> <span class='ocrx_word' id='word_1_52' title='bbox 1557 897 1667 953; x_wconf 87' lang='lat' dir='ltr'><strong>iste</strong></span> <span class='ocrx_word' id='word_1_53' title='bbox 1693 914 1891 953; x_wconf 88' lang='lat' dir='ltr'><strong>rerum</strong></span> <span class='ocrx_word' id='word_1_54' title='bbox 1919 902 2110 953; x_wconf 84' lang='lat' dir='ltr'><strong>status</strong></span> <span class='ocrx_word' id='word_1_55' title='bbox 2133 894 2382 955; x_wconf 80' lang='lat' dir='ltr'><strong>duravit.</strong></span> 
     </span>
     <span class='ocr_line' id='line_1_8' title="bbox 202 970 2382 1045; baseline 0 -13"><span class='ocrx_word' id='word_1_56' title='bbox 202 972 311 1033; x_wconf 88' lang='lat' dir='ltr'><strong>Sub</strong></span> <span class='ocrx_word' id='word_1_57' title='bbox 336 970 513 1045; x_wconf 86' lang='lat' dir='ltr'><strong>hujus</strong></span> <span class='ocrx_word' id='word_1_58' title='bbox 538 981 737 1031; x_wconf 88' lang='lat' dir='ltr'><strong>autem</strong></span> <span class='ocrx_word' id='word_1_59' title='bbox 760 974 887 1031; x_wconf 84' lang='lat' dir='ltr'><strong>filio</strong></span> <span class='ocrx_word' id='word_1_60' title='bbox 906 974 1199 1032; x_wconf 74' lang='lat' dir='ltr'><strong>Arcesilan</strong></span> <span class='ocrx_word' id='word_1_61' title='bbox 1224 976 1433 1033; x_wconf 82' lang='lat' dir='ltr'><strong>multae</strong></span> <span class='ocrx_word' id='word_1_62' title='bbox 1456 976 1649 1032; x_wconf 83' lang='lat' dir='ltr'><strong>turboe</strong></span> <span class='ocrx_word' id='word_1_63' title='bbox 1671 976 1746 1032; x_wconf 88' lang='lat' dir='ltr'><strong>de</strong></span> <span class='ocrx_word' id='word_1_64' title='bbox 1775 974 2086 1033; x_wconf 79' lang='lat' dir='ltr'><strong>honoribus</strong></span> <span class='ocrx_word' id='word_1_65' title='bbox 2113 983 2254 1031; x_wconf 85' lang='lat' dir='ltr'><strong>sunt</strong></span> <span class='ocrx_word' id='word_1_66' title='bbox 2279 992 2382 1032; x_wconf 81' lang='lat' dir='ltr'><strong>ex·</strong></span> 
     </span>
     <span class='ocr_line' id='line_1_9' title="bbox 200 1052 2384 1129; baseline 0 -18"><span class='ocrx_word' id='word_1_67' title='bbox 200 1068 341 1111; x_wconf 83' lang='lat' dir='ltr'><strong>ortae.</strong></span> <span class='ocrx_word' id='word_1_68' title='bbox 405 1054 734 1111; x_wconf 74' lang='lat' dir='ltr'>Arcesilaus</span> <span class='ocrx_word' id='word_1_69' title='bbox 760 1056 946 1119; x_wconf 89' lang='lat' dir='ltr'><strong>enim,</strong></span> <span class='ocrx_word' id='word_1_70' title='bbox 972 1052 1135 1110; x_wconf 85' lang='lat' dir='ltr'><strong>Batti</strong></span> <span class='ocrx_word' id='word_1_71' title='bbox 1162 1054 1357 1112; x_wconf 82' lang='lat' dir='ltr'><strong>claudi</strong></span> <span class='ocrx_word' id='word_1_72' title='bbox 1383 1054 1538 1109; x_wconf 80' lang='lat' dir='ltr'><strong>filius</strong></span> <span class='ocrx_word' id='word_1_73' title='bbox 1565 1062 1624 1111; x_wconf 93' lang='lat' dir='ltr'><strong>et</strong></span> <span class='ocrx_word' id='word_1_74' title='bbox 1649 1052 2019 1121; x_wconf 65' lang='lat' dir='ltr'><strong>Pher-etimne,</strong></span> <span class='ocrx_word' id='word_1_75' title='bbox 2051 1055 2292 1129; x_wconf 83' lang='lat' dir='ltr'><strong>negavit</strong></span> <span class='ocrx_word' id='word_1_76' title='bbox 2319 1072 2384 1111; x_wconf 86' lang='lat' dir='ltr'><strong>se</strong></span> 
     </span>
     <span class='ocr_line' id='line_1_10' title="bbox 198 1132 2380 1201; baseline 0 -12"><span class='ocrx_word' id='word_1_77' title='bbox 198 1134 570 1191; x_wconf 72' lang='lat' dir='ltr'>toleraturum</span> <span class='ocrx_word' id='word_1_78' title='bbox 619 1149 813 1189; x_wconf 86' lang='lat' dir='ltr'><strong>rerum</strong></span> <span class='ocrx_word' id='word_1_79' title='bbox 862 1140 1081 1189; x_wconf 83' lang='lat' dir='ltr'><strong>statum</strong></span> <span class='ocrx_word' id='word_1_80' title='bbox 1126 1150 1161 1187; x_wconf 85' lang='lat' dir='ltr'><strong>a</strong></span> <span class='ocrx_word' id='word_1_81' title='bbox 1200 1132 1569 1189; x_wconf 87' lang='lat' dir='ltr'><strong>Mantin&#39;ensi</strong></span> <span class='ocrx_word' id='word_1_82' title='bbox 1613 1132 1981 1191; x_wconf 81' lang='lat' dir='ltr'><strong>Demonacte</strong></span> <span class='ocrx_word' id='word_1_83' title='bbox 2021 1134 2380 1201; x_wconf 86' lang='lat' dir='ltr'><strong>ordinatum,</strong></span> 
     </span>
     <span class='ocr_line' id='line_1_11' title="bbox 198 1210 2384 1287; baseline 0.001 -20"><span class='ocrx_word' id='word_1_84' title='bbox 198 1230 386 1269; x_wconf 84' lang='lat' dir='ltr'><strong>verum</strong></span> <span class='ocrx_word' id='word_1_85' title='bbox 412 1212 670 1267; x_wconf 87' lang='lat' dir='ltr'><strong>honores</strong></span> <span class='ocrx_word' id='word_1_86' title='bbox 698 1218 757 1267; x_wconf 88' lang='lat' dir='ltr'><strong>et</strong></span> <span class='ocrx_word' id='word_1_87' title='bbox 784 1212 1095 1287; x_wconf 85' lang='lat' dir='ltr'><strong>privilegia</strong></span> <span class='ocrx_word' id='word_1_88' title='bbox 1119 1212 1347 1286; x_wconf 88' lang='lat' dir='ltr'><strong>repetiit</strong></span> <span class='ocrx_word' id='word_1_89' title='bbox 1372 1228 1615 1267; x_wconf 86' lang='lat' dir='ltr'><strong>suorum</strong></span> <span class='ocrx_word' id='word_1_90' title='bbox 1655 1210 1970 1283; x_wconf 85' lang='lat' dir='ltr'><strong>majorum.</strong></span> <span class='ocrx_word' id='word_1_91' title='bbox 2049 1212 2200 1269; x_wconf 86' lang='lat' dir='ltr'><strong>Inde</strong></span> <span class='ocrx_word' id='word_1_92' title='bbox 2223 1213 2384 1269; x_wconf 82' lang='lat' dir='ltr'><strong>exei-</strong></span> 
     </span>
     <span class='ocr_line' id='line_1_12' title="bbox 198 1290 2382 1366; baseline 0 -20"><span class='ocrx_word' id='word_1_93' title='bbox 198 1298 309 1347; x_wconf 85' lang='lat' dir='ltr'><strong>tata</strong></span> <span class='ocrx_word' id='word_1_94' title='bbox 346 1290 631 1347; x_wconf 88' lang='lat' dir='ltr'><strong>seditione</strong></span> <span class='ocrx_word' id='word_1_95' title='bbox 661 1291 872 1357; x_wconf 81' lang='lat' dir='ltr'><strong>victus,</strong></span> <span class='ocrx_word' id='word_1_96' title='bbox 905 1292 1148 1347; x_wconf 85' lang='lat' dir='ltr'><strong>Samum</strong></span> <span class='ocrx_word' id='word_1_97' title='bbox 1188 1291 1490 1366; x_wconf 79' lang='lat' dir='ltr'>profugit:</span> <span class='ocrx_word' id='word_1_98' title='bbox 1532 1298 1722 1349; x_wconf 86' lang='lat' dir='ltr'><strong>mater</strong></span> <span class='ocrx_word' id='word_1_99' title='bbox 1759 1298 1899 1349; x_wconf 83' lang='lat' dir='ltr'><strong>vero</strong></span> <span class='ocrx_word' id='word_1_100' title='bbox 1941 1292 2289 1358; x_wconf 85' lang='lat' dir='ltr'><strong>Pheretima,</strong></span> <span class='ocrx_word' id='word_1_101' title='bbox 2321 1298 2382 1348; x_wconf 87' lang='lat' dir='ltr'><strong>et</strong></span> 
     </span>
     <span class='ocr_line' id='line_1_13' title="bbox 194 1368 2382 1446; baseline 0.001 -21"><span class='ocrx_word' id='word_1_102' title='bbox 194 1370 311 1445; x_wconf 87' lang='lat' dir='ltr'><strong>ipsa</strong></span> <span class='ocrx_word' id='word_1_103' title='bbox 342 1370 605 1446; x_wconf 81' lang='lat' dir='ltr'><strong>fugiens,</strong></span> <span class='ocrx_word' id='word_1_104' title='bbox 632 1368 960 1425; x_wconf 82' lang='lat' dir='ltr'><strong>Salaminen</strong></span> <span class='ocrx_word' id='word_1_105' title='bbox 988 1368 1166 1445; x_wconf 84' lang='lat' dir='ltr'><strong>Cypri</strong></span> <span class='ocrx_word' id='word_1_106' title='bbox 1199 1386 1262 1425; x_wconf 90' lang='lat' dir='ltr'><strong>se</strong></span> <span class='ocrx_word' id='word_1_107' title='bbox 1297 1370 1534 1444; x_wconf 86' lang='lat' dir='ltr'><strong>recepit.</strong></span> <span class='ocrx_word' id='word_1_108' title='bbox 1613 1370 1973 1427; x_wconf 80' lang='lat' dir='ltr'><strong>Salaminem</strong></span> <span class='ocrx_word' id='word_1_109' title='bbox 2001 1378 2108 1445; x_wconf 76' lang='lat' dir='ltr'><strong>per·</strong></span> <span class='ocrx_word' id='word_1_110' title='bbox 2130 1371 2190 1427; x_wconf 87' lang='lat' dir='ltr'><strong>id</strong></span> <span class='ocrx_word' id='word_1_111' title='bbox 2227 1378 2382 1427; x_wconf 86' lang='lat' dir='ltr'><strong>tem·</strong></span> 
     </span>
     <span class='ocr_line' id='line_1_14' title="bbox 190 1446 2382 1524; baseline 0 -20"><span class='ocrx_word' id='word_1_112' title='bbox 190 1466 291 1523; x_wconf 85' lang='lat' dir='ltr'><strong>pus</strong></span> <span class='ocrx_word' id='word_1_113' title='bbox 315 1450 507 1507; x_wconf 88' lang='lat' dir='ltr'><strong>tenuit</strong></span> <span class='ocrx_word' id='word_1_114' title='bbox 531 1446 861 1513; x_wconf 83' lang='lat' dir='ltr'><strong>Euelthon,</strong></span> <span class='ocrx_word' id='word_1_115' title='bbox 886 1448 933 1503; x_wconf 89' lang='lat' dir='ltr'><strong>is</strong></span> <span class='ocrx_word' id='word_1_116' title='bbox 962 1449 1065 1523; x_wconf 89' lang='lat' dir='ltr'><strong>qui</strong></span> <span class='ocrx_word' id='word_1_117' title='bbox 1094 1448 1463 1505; x_wconf 86' lang='lat' dir='ltr'><strong>thuribulum</strong></span> <span class='ocrx_word' id='word_1_118' title='bbox 1493 1448 1638 1504; x_wconf 85' lang='lat' dir='ltr'><strong>illud</strong></span> <span class='ocrx_word' id='word_1_119' title='bbox 1666 1458 1930 1522; x_wconf 86' lang='lat' dir='ltr'><strong>spectatu</strong></span> <span class='ocrx_word' id='word_1_120' title='bbox 1957 1450 2205 1524; x_wconf 87' lang='lat' dir='ltr'><strong>dignum</strong></span> <span class='ocrx_word' id='word_1_121' title='bbox 2235 1449 2382 1507; x_wconf 88' lang='lat' dir='ltr'><strong>Del-</strong></span> 
     </span>
     <span class='ocr_line' id='line_1_15' title="bbox 188 1526 2384 1601; baseline 0 -18"><span class='ocrx_word' id='word_1_122' title='bbox 188 1526 312 1601; x_wconf 82' lang='lat' dir='ltr'><strong>phis</strong></span> <span class='ocrx_word' id='word_1_123' title='bbox 338 1526 643 1593; x_wconf 83' lang='lat' dir='ltr'><strong>dedicavit,</strong></span> <span class='ocrx_word' id='word_1_124' title='bbox 663 1526 819 1601; x_wconf 86' lang='lat' dir='ltr'><strong>quod</strong></span> <span class='ocrx_word' id='word_1_125' title='bbox 848 1528 1020 1583; x_wconf 87' lang='lat' dir='ltr'><strong>estin</strong></span> <span class='ocrx_word' id='word_1_126' title='bbox 1038 1526 1480 1584; x_wconf 87' lang='lat' dir='ltr'><strong>Corinthiorum</strong></span> <span class='ocrx_word' id='word_1_127' title='bbox 1511 1526 1786 1583; x_wconf 84' lang='lat' dir='ltr'><strong>thesauro</strong></span> <span class='ocrx_word' id='word_1_128' title='bbox 1808 1529 2157 1601; x_wconf 84' lang='lat' dir='ltr'><strong>depositum.</strong></span> <span class='ocrx_word' id='word_1_129' title='bbox 2201 1527 2384 1584; x_wconf 84' lang='lat' dir='ltr'><strong>Hunc</strong></span> 
     </span>
     <span class='ocr_line' id='line_1_16' title="bbox 188 1606 2382 1681; baseline -0 -17"><span class='ocrx_word' id='word_1_130' title='bbox 188 1607 377 1665; x_wconf 83' lang='lat' dir='ltr'><strong>&#39;adicus</strong></span> <span class='ocrx_word' id='word_1_131' title='bbox 406 1606 766 1673; x_wconf 82' lang='lat' dir='ltr'><strong>Pheretima,</strong></span> <span class='ocrx_word' id='word_1_132' title='bbox 796 1606 1117 1663; x_wconf 80' lang='lat' dir='ltr'><strong>exercitum</strong></span> <span class='ocrx_word' id='word_1_133' title='bbox 1148 1606 1225 1661; x_wconf 88' lang='lat' dir='ltr'><strong>ab</strong></span> <span class='ocrx_word' id='word_1_134' title='bbox 1252 1622 1323 1661; x_wconf 93' lang='lat' dir='ltr'><strong>eo</strong></span> <span class='ocrx_word' id='word_1_135' title='bbox 1358 1606 1554 1680; x_wconf 87' lang='lat' dir='ltr'><strong>petiit,</strong></span> <span class='ocrx_word' id='word_1_136' title='bbox 1585 1606 1688 1679; x_wconf 86' lang='lat' dir='ltr'><strong>qui</strong></span> <span class='ocrx_word' id='word_1_137' title='bbox 1719 1622 1784 1662; x_wconf 82' lang='lat' dir='ltr'><strong>se</strong></span> <span class='ocrx_word' id='word_1_138' title='bbox 1809 1616 1868 1663; x_wconf 85' lang='lat' dir='ltr'><strong>et</strong></span> <span class='ocrx_word' id='word_1_139' title='bbox 1893 1606 2080 1662; x_wconf 83' lang='lat' dir='ltr'><strong>filium</strong></span> <span class='ocrx_word' id='word_1_140' title='bbox 2111 1608 2382 1681; x_wconf 78' lang='lat' dir='ltr'>Cyrenen</span> 
     </span>
     <span class='ocr_line' id='line_1_17' title="bbox 188 1684 2384 1759; baseline 0 -18"><span class='ocrx_word' id='word_1_141' title='bbox 188 1686 498 1742; x_wconf 75' lang='lat' dir='ltr'>reduceret.</span> <span class='ocrx_word' id='word_1_142' title='bbox 553 1686 631 1741; x_wconf 84' lang='lat' dir='ltr'><strong>At</strong></span> <span class='ocrx_word' id='word_1_143' title='bbox 658 1684 713 1740; x_wconf 87' lang='lat' dir='ltr'><strong>ei</strong></span> <span class='ocrx_word' id='word_1_144' title='bbox 738 1684 1037 1740; x_wconf 81' lang='lat' dir='ltr'><strong>Euelthon</strong></span> <span class='ocrx_word' id='word_1_145' title='bbox 1068 1684 1359 1758; x_wconf 81' lang='lat' dir='ltr'>quidlibet</span> <span class='ocrx_word' id='word_1_146' title='bbox 1384 1684 1599 1759; x_wconf 73' lang='lat' dir='ltr'><strong>magiS,</strong></span> <span class='ocrx_word' id='word_1_147' title='bbox 1627 1702 1804 1757; x_wconf 86' lang='lat' dir='ltr'><strong>quam</strong></span> <span class='ocrx_word' id='word_1_148' title='bbox 1835 1684 2174 1751; x_wconf 71' lang='lat' dir='ltr'><strong>exercitum,</strong></span> <span class='ocrx_word' id='word_1_149' title='bbox 2205 1684 2384 1742; x_wconf 83' lang='lat' dir='ltr'><strong>dedit.</strong></span> 
     </span>
     <span class='ocr_line' id='line_1_18' title="bbox 186 1760 2380 1837; baseline 0 -17"><span class='ocrx_word' id='word_1_150' title='bbox 186 1764 263 1821; x_wconf 86' lang='lat' dir='ltr'><strong>Et</strong></span> <span class='ocrx_word' id='word_1_151' title='bbox 286 1760 385 1820; x_wconf 87' lang='lat' dir='ltr'><strong>illa</strong></span> <span class='ocrx_word' id='word_1_152' title='bbox 410 1764 705 1837; x_wconf 83' lang='lat' dir='ltr'><strong>accipiens</strong></span> <span class='ocrx_word' id='word_1_153' title='bbox 733 1762 912 1829; x_wconf 89' lang='lat' dir='ltr'><strong>dona,</strong></span> <span class='ocrx_word' id='word_1_154' title='bbox 943 1766 983 1799; x_wconf 76' lang='lat'><strong>‘⁴</strong></span> <span class='ocrx_word' id='word_1_155' title='bbox 1012 1764 1237 1819; x_wconf 88' lang='lat' dir='ltr'><strong>bonum</strong></span> <span class='ocrx_word' id='word_1_156' title='bbox 1264 1762 1568 1837; x_wconf 86' lang='lat' dir='ltr'><strong>quidem,”</strong></span> <span class='ocrx_word' id='word_1_157' title='bbox 1598 1765 1700 1828; x_wconf 84' lang='lat' dir='ltr'><strong>ait,</strong></span> <span class='ocrx_word' id='word_1_158' title='bbox 1733 1770 1776 1795; x_wconf 87' lang='lat'><em>“</em></span> <span class='ocrx_word' id='word_1_159' title='bbox 1803 1772 1863 1821; x_wconf 89' lang='lat' dir='ltr'><strong>et</strong></span> <span class='ocrx_word' id='word_1_160' title='bbox 1903 1766 2017 1820; x_wconf 87' lang='lat' dir='ltr'><strong>hoc</strong></span> <span class='ocrx_word' id='word_1_161' title='bbox 2041 1780 2202 1834; x_wconf 83' lang='lat' dir='ltr'><strong>esse3</strong></span> <span class='ocrx_word' id='word_1_162' title='bbox 2251 1780 2380 1820; x_wconf 85' lang='lat' dir='ltr'><strong>me-</strong></span> 
     </span>
     <span class='ocr_line' id='line_1_19' title="bbox 185 1841 2381 1917; baseline 0 -18"><span class='ocrx_word' id='word_1_163' title='bbox 185 1843 362 1899; x_wconf 86' lang='lat' dir='ltr'><strong>“lius</strong></span> <span class='ocrx_word' id='word_1_164' title='bbox 387 1860 531 1899; x_wconf 82' lang='lat' dir='ltr'><strong>vero</strong></span> <span class='ocrx_word' id='word_1_165' title='bbox 558 1842 701 1898; x_wconf 79' lang='lat' dir='ltr'><strong>illud</strong></span> <span class='ocrx_word' id='word_1_166' title='bbox 728 1841 875 1909; x_wconf 84' lang='lat' dir='ltr'><strong>fore,</strong></span> <span class='ocrx_word' id='word_1_167' title='bbox 904 1843 953 1897; x_wconf 86' lang='lat' dir='ltr'><strong>si</strong></span> <span class='ocrx_word' id='word_1_168' title='bbox 980 1842 1202 1917; x_wconf 86' lang='lat' dir='ltr'><strong>petenti</strong></span> <span class='ocrx_word' id='word_1_169' title='bbox 1227 1843 1339 1898; x_wconf 84' lang='lat' dir='ltr'><strong>sibi</strong></span> <span class='ocrx_word' id='word_1_170' title='bbox 1369 1841 1536 1897; x_wconf 83' lang='lat' dir='ltr'><strong>daret</strong></span> <span class='ocrx_word' id='word_1_171' title='bbox 1560 1842 1936 1899; x_wconf 84' lang='lat' dir='ltr'><strong>exercitum.”</strong></span> <span class='ocrx_word' id='word_1_172' title='bbox 2020 1842 2135 1899; x_wconf 84' lang='lat' dir='ltr'><strong>His</strong></span> <span class='ocrx_word' id='word_1_173' title='bbox 2161 1844 2381 1910; x_wconf 79' lang='lat' dir='ltr'><strong>verbis,</strong></span> 
     </span>
     <span class='ocr_line' id='line_1_20' title="bbox 186 1918 2384 1997; baseline -0.001 -17"><span class='ocrx_word' id='word_1_174' title='bbox 186 1925 409 1997; x_wconf 86' lang='lat' dir='ltr'><strong>quoties</strong></span> <span class='ocrx_word' id='word_1_175' title='bbox 436 1922 664 1977; x_wconf 85' lang='lat' dir='ltr'><strong>donum</strong></span> <span class='ocrx_word' id='word_1_176' title='bbox 690 1920 924 1994; x_wconf 81' lang='lat' dir='ltr'><strong>aliquod</strong></span> <span class='ocrx_word' id='word_1_177' title='bbox 954 1923 1198 1995; x_wconf 82' lang='lat' dir='ltr'><strong>accepit,</strong></span> <span class='ocrx_word' id='word_1_178' title='bbox 1226 1937 1335 1976; x_wconf 87' lang='lat' dir='ltr'><strong>usa</strong></span> <span class='ocrx_word' id='word_1_179' title='bbox 1366 1928 1478 1977; x_wconf 83' lang='lat' dir='ltr'><strong>est.</strong></span> <span class='ocrx_word' id='word_1_180' title='bbox 1557 1918 1864 1978; x_wconf 83' lang='lat' dir='ltr'><strong>Postremo</strong></span> <span class='ocrx_word' id='word_1_181' title='bbox 1893 1920 2188 1979; x_wconf 85' lang='lat' dir='ltr'><strong>Euelthon</strong></span> <span class='ocrx_word' id='word_1_182' title='bbox 2221 1921 2384 1978; x_wconf 86' lang='lat' dir='ltr'><strong>dono</strong></span> 
     </span>
     <span class='ocr_line' id='line_1_21' title="bbox 186 1998 2384 2067; baseline -0 -9"><span class='ocrx_word' id='word_1_183' title='bbox 186 2002 237 2058; x_wconf 91' lang='lat' dir='ltr'><strong>ei</strong></span> <span class='ocrx_word' id='word_1_184' title='bbox 262 2002 419 2057; x_wconf 83' lang='lat' dir='ltr'><strong>misit</strong></span> <span class='ocrx_word' id='word_1_185' title='bbox 440 2000 644 2057; x_wconf 81' lang='lat' dir='ltr'><strong>fusum</strong></span> <span class='ocrx_word' id='word_1_186' title='bbox 670 2016 914 2056; x_wconf 84' lang='lat' dir='ltr'><strong>aureum</strong></span> <span class='ocrx_word' id='word_1_187' title='bbox 930 2007 991 2054; x_wconf 89' lang='lat' dir='ltr'><strong>et</strong></span> <span class='ocrx_word' id='word_1_188' title='bbox 1014 2003 1231 2067; x_wconf 81' lang='lat' dir='ltr'><strong>col—um,</strong></span> <span class='ocrx_word' id='word_1_189' title='bbox 1248 2000 1346 2056; x_wconf 85' lang='lat' dir='ltr'><strong>cui</strong></span> <span class='ocrx_word' id='word_1_190' title='bbox 1371 1998 1514 2055; x_wconf 84' lang='lat' dir='ltr'><strong>lana</strong></span> <span class='ocrx_word' id='word_1_191' title='bbox 1533 2000 1710 2056; x_wconf 87' lang='lat' dir='ltr'><strong>etiam</strong></span> <span class='ocrx_word' id='word_1_192' title='bbox 1727 2000 2106 2057; x_wconf 86' lang='lat' dir='ltr'><strong>circumdata.</strong></span> <span class='ocrx_word' id='word_1_193' title='bbox 2145 2002 2384 2063; x_wconf 83' lang='lat' dir='ltr'><strong>Quum-</strong></span> 
     </span>
     <span class='ocr_line' id='line_1_22' title="bbox 184 2078 2386 2155; baseline 0 -18"><span class='ocrx_word' id='word_1_194' title='bbox 184 2098 293 2155; x_wconf 87' lang='lat' dir='ltr'><strong>que</strong></span> <span class='ocrx_word' id='word_1_195' title='bbox 328 2082 491 2136; x_wconf 83' lang='lat' dir='ltr'><strong>idem</strong></span> <span class='ocrx_word' id='word_1_196' title='bbox 532 2079 757 2135; x_wconf 83' lang='lat' dir='ltr'><strong>dictum</strong></span> <span class='ocrx_word' id='word_1_197' title='bbox 784 2078 1115 2135; x_wconf 81' lang='lat' dir='ltr'><strong>Pheretima</strong></span> <span class='ocrx_word' id='word_1_198' title='bbox 1156 2084 1461 2153; x_wconf 82' lang='lat' dir='ltr'>repeteret,</span> <span class='ocrx_word' id='word_1_199' title='bbox 1493 2079 1790 2151; x_wconf 87' lang='lat' dir='ltr'><strong>respondit</strong></span> <span class='ocrx_word' id='word_1_200' title='bbox 1815 2080 2136 2148; x_wconf 80' lang='lat' dir='ltr'><strong>Euelthon,</strong></span> <span class='ocrx_word' id='word_1_201' title='bbox 2167 2085 2208 2113; x_wconf 81' lang='lat'><strong>‘⁴</strong></span> <span class='ocrx_word' id='word_1_202' title='bbox 2237 2080 2386 2139; x_wconf 75' lang='lat' dir='ltr'><strong>talia</strong></span> 
     </span>
     <span class='ocr_line' id='line_1_23' title="bbox 184 2156 2374 2223; baseline -0.002 -7"><span class='ocrx_word' id='word_1_203' title='bbox 184 2165 231 2192; x_wconf 90' lang='lat'><strong>“</strong></span> <span class='ocrx_word' id='word_1_204' title='bbox 252 2175 503 2215; x_wconf 81' lang='lat' dir='ltr'><strong>munera</strong></span> <span class='ocrx_word' id='word_1_205' title='bbox 528 2158 654 2213; x_wconf 84' lang='lat' dir='ltr'><strong>dari</strong></span> <span class='ocrx_word' id='word_1_206' title='bbox 676 2156 1050 2223; x_wconf 87' lang='lat' dir='ltr'><strong>mulieribus,</strong></span> <span class='ocrx_word' id='word_1_207' title='bbox 1080 2174 1203 2213; x_wconf 84' lang='lat' dir='ltr'><strong>non</strong></span> <span class='ocrx_word' id='word_1_208' title='bbox 1234 2158 1618 2213; x_wconf 82' lang='lat' dir='ltr'><strong>exercitum.”</strong></span> <span class='ocrx_word' id='word_1_209' title='bbox 2363 2167 2374 2180; x_wconf 88' lang='lat'><strong>·</strong></span> 
     </span>
     <span class='ocr_line' id='line_1_24' title="bbox 260 2236 2380 2327; baseline 0 -32"><span class='ocrx_word' id='word_1_210' title='bbox 260 2244 393 2296; x_wconf 83' lang='lat'><strong>163.</strong></span> <span class='ocrx_word' id='word_1_211' title='bbox 434 2238 551 2294; x_wconf 87' lang='lat' dir='ltr'><strong>Per</strong></span> <span class='ocrx_word' id='word_1_212' title='bbox 576 2236 739 2293; x_wconf 80' lang='lat' dir='ltr'><strong>idem·</strong></span> <span class='ocrx_word' id='word_1_213' title='bbox 759 2244 995 2309; x_wconf 86' lang='lat' dir='ltr'><strong>tempus</strong></span> <span class='ocrx_word' id='word_1_214' title='bbox 1020 2236 1366 2302; x_wconf 73' lang='lat' dir='ltr'><strong>Arcesilam,</strong></span> <span class='ocrx_word' id='word_1_215' title='bbox 1396 2236 1560 2291; x_wconf 82' lang='lat' dir='ltr'><strong>Sami</strong></span> <span class='ocrx_word' id='word_1_216' title='bbox 1587 2244 1872 2304; x_wconf 87' lang='lat' dir='ltr'><strong>moratus,</strong></span> <span class='ocrx_word' id='word_1_217' title='bbox 1899 2254 2380 2327; x_wconf 86' lang='lat' dir='ltr'><strong>unumquemque</strong></span> 
     </span>
     <span class='ocr_line' id='line_1_25' title="bbox 182 2313 2452 2391; baseline 0 -16"><span class='ocrx_word' id='word_1_218' title='bbox 182 2318 473 2375; x_wconf 83' lang='lat' dir='ltr'><strong>excitabat</strong></span> <span class='ocrx_word' id='word_1_219' title='bbox 498 2333 603 2389; x_wconf 86' lang='lat' dir='ltr'><strong>spe</strong></span> <span class='ocrx_word' id='word_1_220' title='bbox 620 2315 1069 2371; x_wconf 80' lang='lat' dir='ltr'><strong>dividendorum</strong></span> <span class='ocrx_word' id='word_1_221' title='bbox 1097 2332 1375 2387; x_wconf 81' lang='lat' dir='ltr'><strong>agrorum</strong></span> <span class='ocrx_word' id='word_1_222' title='bbox 1400 2313 1718 2389; x_wconf 84' lang='lat' dir='ltr'><strong>proposita.</strong></span> <span class='ocrx_word' id='word_1_223' title='bbox 1759 2316 2081 2391; x_wconf 86' lang='lat' dir='ltr'><strong>Quumque</strong></span> <span class='ocrx_word' id='word_1_224' title='bbox 2098 2336 2224 2387; x_wconf 79' lang='lat' dir='ltr'><strong>Jam</strong></span> <span class='ocrx_word' id='word_1_225' title='bbox 2253 2334 2382 2375; x_wconf 75' lang='lat' dir='ltr'><strong>ma·</strong></span> <span class='ocrx_word' id='word_1_226' title='bbox 2447 2370 2452 2375; x_wconf 83' lang='lat'><strong>.</strong></span> 
     </span>
     <span class='ocr_line' id='line_1_26' title="bbox 182 2394 2381 2472; baseline 0 -18"><span class='ocrx_word' id='word_1_227' title='bbox 182 2412 360 2472; x_wconf 86' lang='lat' dir='ltr'><strong>gnam</strong></span> <span class='ocrx_word' id='word_1_228' title='bbox 400 2410 653 2453; x_wconf 82' lang='lat' dir='ltr'><strong>manum</strong></span> <span class='ocrx_word' id='word_1_229' title='bbox 694 2395 1097 2459; x_wconf 71' lang='lat' dir='ltr'><strong>contraxisset,</strong></span> <span class='ocrx_word' id='word_1_230' title='bbox 1124 2394 1391 2467; x_wconf 84' lang='lat' dir='ltr'><strong>Delphos</strong></span> <span class='ocrx_word' id='word_1_231' title='bbox 1432 2402 1522 2449; x_wconf 87' lang='lat' dir='ltr'><strong>est</strong></span> <span class='ocrx_word' id='word_1_232' title='bbox 1561 2394 1879 2468; x_wconf 82' lang='lat' dir='ltr'><strong>profectus,</strong></span> <span class='ocrx_word' id='word_1_233' title='bbox 1906 2396 1980 2451; x_wconf 84' lang='lat' dir='ltr'><strong>de</strong></span> <span class='ocrx_word' id='word_1_234' title='bbox 2019 2396 2210 2453; x_wconf 86' lang='lat' dir='ltr'><strong>reditu</strong></span> <span class='ocrx_word' id='word_1_235' title='bbox 2241 2414 2381 2453; x_wconf 89' lang='lat' dir='ltr'><strong>con·</strong></span> 
     </span>
     <span class='ocr_line' id='line_1_27' title="bbox 182 2464 2384 2547; baseline 0 -16"><span class='ocrx_word' id='word_1_236' title='bbox 182 2476 447 2533; x_wconf 78' lang='lat' dir='ltr'><strong>sulturus</strong></span> <span class='ocrx_word' id='word_1_237' title='bbox 489 2464 830 2541; x_wconf 64' lang='lat' dir='ltr'><strong>orflculum3</strong></span> <span class='ocrx_word' id='word_1_238' title='bbox 876 2473 971 2529; x_wconf 88' lang='lat' dir='ltr'><strong>cui</strong></span> <span class='ocrx_word' id='word_1_239' title='bbox 1009 2472 1223 2546; x_wconf 83' lang='lat' dir='ltr'><strong>Pythia·</strong></span> <span class='ocrx_word' id='word_1_240' title='bbox 1258 2473 1371 2529; x_wconf 90' lang='lat' dir='ltr'><strong>hoc</strong></span> <span class='ocrx_word' id='word_1_241' title='bbox 1410 2471 1573 2529; x_wconf 85' lang='lat' dir='ltr'><strong>dedit</strong></span> <span class='ocrx_word' id='word_1_242' title='bbox 1611 2488 1993 2547; x_wconf 86' lang='lat' dir='ltr'><strong>responsum:</strong></span> <span class='ocrx_word' id='word_1_243' title='bbox 2041 2482 2082 2507; x_wconf 89' lang='lat'><strong><em>“</em></strong></span> <span class='ocrx_word' id='word_1_244' title='bbox 2111 2476 2384 2539; x_wconf 79' lang='lat' dir='ltr'><strong>Quatnor</strong></span> 
     </span>
     <span class='ocr_line' id='line_1_28' title="bbox 180 2550 2383 2629; baseline 0 -17"><span class='ocrx_word' id='word_1_245' title='bbox 180 2558 225 2589; x_wconf 85' lang='lat'>“</span> <span class='ocrx_word' id='word_1_246' title='bbox 253 2554 448 2612; x_wconf 83' lang='lat' dir='ltr'><strong>Battis</strong></span> <span class='ocrx_word' id='word_1_247' title='bbox 478 2560 538 2609; x_wconf 91' lang='lat' dir='ltr'><strong>et</strong></span> <span class='ocrx_word' id='word_1_248' title='bbox 564 2560 819 2627; x_wconf 87' lang='lat' dir='ltr'><strong>quatuor</strong></span> <span class='ocrx_word' id='word_1_249' title='bbox 842 2551 1168 2618; x_wconf 83' lang='lat' dir='ltr'><strong>Arcesilais,</strong></span> <span class='ocrx_word' id='word_1_250' title='bbox 1200 2568 1303 2626; x_wconf 87' lang='lat' dir='ltr'><strong>per</strong></span> <span class='ocrx_word' id='word_1_251' title='bbox 1326 2558 1461 2607; x_wconf 86' lang='lat' dir='ltr'><strong>octo</strong></span> <span class='ocrx_word' id='word_1_252' title='bbox 1477 2550 1799 2608; x_wconf 84' lang='lat' dir='ltr'><strong>&#39;hominum</strong></span> <span class='ocrx_word' id='word_1_253' title='bbox 1827 2556 2256 2629; x_wconf 71' lang='lat' dir='ltr'>generationes,</span> <span class='ocrx_word' id='word_1_254' title='bbox 2281 2555 2383 2612; x_wconf 84' lang='lat' dir='ltr'><strong>dat</strong></span> 
     </span>
     <span class='ocr_line' id='line_1_29' title="bbox 178 2630 2385 2707; baseline -0 -16"><span class='ocrx_word' id='word_1_255' title='bbox 178 2638 223 2667; x_wconf 87' lang='lat'><strong><em>“</em></strong></span> <span class='ocrx_word' id='word_1_256' title='bbox 246 2634 471 2691; x_wconf 84' lang='lat' dir='ltr'><strong>Loxias</strong></span> <span class='ocrx_word' id='word_1_257' title='bbox 512 2648 759 2707; x_wconf 81' lang='lat' dir='ltr'><strong>regnum</strong></span> <span class='ocrx_word' id='word_1_258' title='bbox 786 2630 1049 2687; x_wconf 88' lang='lat' dir='ltr'><strong>obtinere</strong></span> <span class='ocrx_word' id='word_1_259' title='bbox 1076 2630 1357 2705; x_wconf 75' lang='lat' dir='ltr'><strong>Cyrenaet</strong></span> <span class='ocrx_word' id='word_1_260' title='bbox 1398 2630 1641 2686; x_wconf 85' lang='lat' dir='ltr'><strong>ulterius</strong></span> <span class='ocrx_word' id='word_1_261' title='bbox 1681 2648 1822 2685; x_wconf 82' lang='lat' dir='ltr'><strong>vero</strong></span> <span class='ocrx_word' id='word_1_262' title='bbox 1859 2638 1928 2687; x_wconf 86' lang='lat' dir='ltr'><strong>ut</strong></span> <span class='ocrx_word' id='word_1_263' title='bbox 1973 2650 2050 2689; x_wconf 91' lang='lat' dir='ltr'><strong>ne</strong></span> <span class='ocrx_word' id='word_1_264' title='bbox 2088 2635 2385 2691; x_wconf 80' lang='lat' dir='ltr'><strong>conemini</strong></span> 
     </span>
     <span class='ocr_line' id='line_1_30' title="bbox 180 2710 2382 2789; baseline 0 -20"><span class='ocrx_word' id='word_1_265' title='bbox 180 2718 223 2745; x_wconf 84' lang='lat'><em>“</em></span> <span class='ocrx_word' id='word_1_266' title='bbox 250 2713 491 2789; x_wconf 84' lang='lat' dir='ltr'><strong>quidem</strong></span> <span class='ocrx_word' id='word_1_267' title='bbox 542 2712 829 2766; x_wconf 86' lang='lat' dir='ltr'><strong>bortatur.</strong></span> <span class='ocrx_word' id='word_1_268' title='bbox 904 2710 1003 2765; x_wconf 87' lang='lat' dir='ltr'><strong>Tu</strong></span> <span class='ocrx_word' id='word_1_269' title='bbox 1052 2716 1271 2776; x_wconf 85' lang='lat' dir='ltr'><strong>tamen,</strong></span> <span class='ocrx_word' id='word_1_270' title='bbox 1314 2725 1500 2784; x_wconf 89' lang='lat' dir='ltr'><strong>quum</strong></span> <span class='ocrx_word' id='word_1_271' title='bbox 1549 2710 1795 2766; x_wconf 81' lang='lat' dir='ltr'><strong>domum</strong></span> <span class='ocrx_word' id='word_1_272' title='bbox 1847 2710 2103 2780; x_wconf 88' lang='lat' dir='ltr'><strong>redieris,</strong></span> <span class='ocrx_word' id='word_1_273' title='bbox 2145 2714 2382 2787; x_wconf 79' lang='lat' dir='ltr'><strong>quietus</strong></span> 
     </span>
     <span class='ocr_line' id='line_1_31' title="bbox 182 2787 2380 2863; baseline -0 -14"><span class='ocrx_word' id='word_1_274' title='bbox 182 2794 225 2825; x_wconf 87' lang='lat'><strong>“</strong></span> <span class='ocrx_word' id='word_1_275' title='bbox 250 2802 417 2849; x_wconf 73' lang='lat' dir='ltr'><strong>estoz</strong></span> <span class='ocrx_word' id='word_1_276' title='bbox 465 2798 523 2845; x_wconf 92' lang='lat' dir='ltr'><strong>et</strong></span> <span class='ocrx_word' id='word_1_277' title='bbox 550 2788 789 2863; x_wconf 88' lang='lat' dir='ltr'><strong>quando</strong></span> <span class='ocrx_word' id='word_1_278' title='bbox 822 2787 1121 2844; x_wconf 80' lang='lat' dir='ltr'><strong>fornacem</strong></span> <span class='ocrx_word' id='word_1_279' title='bbox 1165 2788 1445 2863; x_wconf 87' lang='lat' dir='ltr'><strong>repereris</strong></span> <span class='ocrx_word' id='word_1_280' title='bbox 1489 2788 1728 2860; x_wconf 77' lang='lat' dir='ltr'><strong>plenum</strong></span> <span class='ocrx_word' id='word_1_281' title='bbox 1757 2790 2072 2863; x_wconf 75' lang='lat' dir='ltr'><strong>amphoris,</strong></span> <span class='ocrx_word' id='word_1_282' title='bbox 2103 2810 2178 2848; x_wconf 91' lang='lat' dir='ltr'><strong>ne</strong></span> <span class='ocrx_word' id='word_1_283' title='bbox 2205 2808 2380 2847; x_wconf 81' lang='lat' dir='ltr'><strong>exco-</strong></span> 
     </span>
     <span class='ocr_line' id='line_1_32' title="bbox 178 2864 2382 2946; baseline 0 -19"><span class='ocrx_word' id='word_1_284' title='bbox 178 2878 219 2905; x_wconf 87' lang='lat'><strong>“</strong></span> <span class='ocrx_word' id='word_1_285' title='bbox 246 2874 367 2946; x_wconf 73' lang='lat' dir='ltr'><strong>qiie</strong></span> <span class='ocrx_word' id='word_1_286' title='bbox 395 2870 730 2943; x_wconf 79' lang='lat' dir='ltr'><strong>amphoras,</strong></span> <span class='ocrx_word' id='word_1_287' title='bbox 764 2866 861 2923; x_wconf 88' lang='lat' dir='ltr'><strong>sed</strong></span> <span class='ocrx_word' id='word_1_288' title='bbox 890 2868 961 2922; x_wconf 84' lang='lat' dir='ltr'><strong>ad</strong></span> <span class='ocrx_word' id='word_1_289' title='bbox 1006 2884 1210 2923; x_wconf 84' lang='lat' dir='ltr'><strong>auram</strong></span> <span class='ocrx_word' id='word_1_290' title='bbox 1254 2867 1387 2925; x_wconf 83' lang='lat' dir='ltr'><strong>illas</strong></span> <span class='ocrx_word' id='word_1_291' title='bbox 1412 2868 1633 2923; x_wconf 79' lang='lat' dir='ltr'><strong>emitte.</strong></span> <span class='ocrx_word' id='word_1_292' title='bbox 1713 2864 1812 2922; x_wconf 87' lang='lat' dir='ltr'><strong>Sin</strong></span> <span class='ocrx_word' id='word_1_293' title='bbox 1847 2870 2142 2926; x_wconf 82' lang='lat' dir='ltr'><strong>excoxeris</strong></span> <span class='ocrx_word' id='word_1_294' title='bbox 2181 2869 2382 2927; x_wconf 78' lang='lat' dir='ltr'><strong>forna-</strong></span> 
     </span>
     <span class='ocr_line' id='line_1_33' title="bbox 176 2944 2383 3022; baseline -0 -15"><span class='ocrx_word' id='word_1_295' title='bbox 176 2956 221 2983; x_wconf 84' lang='lat'><strong><em>“</em></strong></span> <span class='ocrx_word' id='word_1_296' title='bbox 242 2965 400 3016; x_wconf 85' lang='lat' dir='ltr'><strong>cem,</strong></span> <span class='ocrx_word' id='word_1_297' title='bbox 430 2966 505 3004; x_wconf 90' lang='lat' dir='ltr'><strong>ne</strong></span> <span class='ocrx_word' id='word_1_298' title='bbox 530 2948 591 3003; x_wconf 86' lang='lat' dir='ltr'><strong>in</strong></span> <span class='ocrx_word' id='word_1_299' title='bbox 621 2945 1024 3003; x_wconf 84' lang='lat' dir='ltr'><strong>circumfluam</strong></span> <span class='ocrx_word' id='word_1_300' title='bbox 1056 2946 1235 3003; x_wconf 85' lang='lat' dir='ltr'><strong>intres</strong></span> <span class='ocrx_word' id='word_1_301' title='bbox 1262 2969 1274 3002; x_wconf 79' lang='lat' dir='ltr'>z</span> <span class='ocrx_word' id='word_1_302' title='bbox 1320 2946 1539 3020; x_wconf 85' lang='lat' dir='ltr'><strong>alioqui</strong></span> <span class='ocrx_word' id='word_1_303' title='bbox 1569 2944 1784 3020; x_wconf 88' lang='lat' dir='ltr'><strong>peribis</strong></span> <span class='ocrx_word' id='word_1_304' title='bbox 1806 2952 1876 3001; x_wconf 89' lang='lat' dir='ltr'><strong>tu</strong></span> <span class='ocrx_word' id='word_1_305' title='bbox 1903 2955 1961 3003; x_wconf 84' lang='lat' dir='ltr'><strong>et</strong></span> <span class='ocrx_word' id='word_1_306' title='bbox 1996 2950 2383 3022; x_wconf 75' lang='lat' dir='ltr'><strong>pulcer-rimus</strong></span> 
     </span>
     <span class='ocr_line' id='line_1_34' title="bbox 178 3030 517 3087; baseline -0.015 0"><span class='ocrx_word' id='word_1_307' title='bbox 178 3036 221 3063; x_wconf 89' lang='lat'><strong>“</strong></span> <span class='ocrx_word' id='word_1_308' title='bbox 246 3030 517 3087; x_wconf 52' lang='lat' dir='ltr'><strong>taurus?</strong></span> 
     </span>
     <span class='ocr_line' id='line_1_35' title="bbox 172 3102 2380 3179; baseline 0 -15"><span class='ocrx_word' id='word_1_309' title='bbox 172 3114 181 3121; x_wconf 83' lang='grc'>’</span> <span class='ocrx_word' id='word_1_310' title='bbox 256 3113 397 3165; x_wconf 84' lang='grc'><strong>164.</strong></span> <span class='ocrx_word' id='word_1_311' title='bbox 440 3106 574 3163; x_wconf 87' lang='lat' dir='ltr'><strong>Hoc</strong></span> <span class='ocrx_word' id='word_1_312' title='bbox 603 3108 653 3161; x_wconf 80' lang='lat' dir='ltr'><strong>‘a</strong></span> <span class='ocrx_word' id='word_1_313' title='bbox 688 3104 899 3179; x_wconf 86' lang='lat' dir='ltr'><strong>Pythia</strong></span> <span class='ocrx_word' id='word_1_314' title='bbox 937 3112 1177 3177; x_wconf 81' lang='lat' dir='ltr'><strong>accepto</strong></span> <span class='ocrx_word' id='word_1_315' title='bbox 1219 3120 1502 3177; x_wconf 88' lang='lat' dir='ltr'><strong>responso</strong></span> <span class='ocrx_word' id='word_1_316' title='bbox 1541 3102 1888 3171; x_wconf 84' lang='lat' dir='ltr'><strong>Arcesilaus,</strong></span> <span class='ocrx_word' id='word_1_317' title='bbox 1922 3104 2134 3162; x_wconf 85' lang='lat' dir='ltr'><strong>sumtis</strong></span> <span class='ocrx_word' id='word_1_318' title='bbox 2178 3124 2380 3165; x_wconf 85' lang='lat' dir='ltr'><strong>secum</strong></span> 
     </span>
     <span class='ocr_line' id='line_1_36' title="bbox 178 3179 2381 3260; baseline -0.001 -17"><span class='ocrx_word' id='word_1_319' title='bbox 178 3188 416 3253; x_wconf 86' lang='lat' dir='ltr'><strong>Samiis,</strong></span> <span class='ocrx_word' id='word_1_320' title='bbox 448 3186 711 3260; x_wconf 80' lang='lat' dir='ltr'><strong>Cyrenen</strong></span> <span class='ocrx_word' id='word_1_321' title='bbox 743 3184 928 3239; x_wconf 87' lang='lat' dir='ltr'><strong>rediit.</strong></span> <span class='ocrx_word' id='word_1_322' title='bbox 1007 3183 1087 3239; x_wconf 87' lang='lat' dir='ltr'><strong>Et</strong></span> <span class='ocrx_word' id='word_1_323' title='bbox 1125 3183 1204 3239; x_wconf 89' lang='lat' dir='ltr'><strong>ibi</strong></span> <span class='ocrx_word' id='word_1_324' title='bbox 1234 3200 1430 3239; x_wconf 87' lang='lat' dir='ltr'><strong>rerum</strong></span> <span class='ocrx_word' id='word_1_325' title='bbox 1473 3179 1717 3256; x_wconf 77' lang='lat' dir='ltr'><strong>potituS,</strong></span> <span class='ocrx_word' id='word_1_326' title='bbox 1743 3182 2056 3238; x_wconf 89' lang='lat' dir='ltr'><strong>immemor</strong></span> <span class='ocrx_word' id='word_1_327' title='bbox 2081 3182 2220 3239; x_wconf 86' lang='lat' dir='ltr'><strong>editi</strong></span> <span class='ocrx_word' id='word_1_328' title='bbox 2246 3202 2381 3241; x_wconf 87' lang='lat' dir='ltr'><strong>ora·</strong></span> 
     </span>
     <span class='ocr_line' id='line_1_37' title="bbox 178 3261 2386 3339; baseline -0.001 -16"><span class='ocrx_word' id='word_1_329' title='bbox 178 3266 313 3334; x_wconf 82' lang='lat' dir='ltr'><strong>culi,</strong></span> <span class='ocrx_word' id='word_1_330' title='bbox 348 3282 550 3339; x_wconf 83' lang='lat' dir='ltr'><strong>poenas</strong></span> <span class='ocrx_word' id='word_1_331' title='bbox 590 3263 856 3337; x_wconf 74' lang='lat' dir='ltr'><strong>repetivit</strong></span> <span class='ocrx_word' id='word_1_332' title='bbox 882 3261 957 3317; x_wconf 89' lang='lat' dir='ltr'><strong>ab</strong></span> <span class='ocrx_word' id='word_1_333' title='bbox 982 3262 1169 3317; x_wconf 84' lang='lat' dir='ltr'><strong>exsilii</strong></span> <span class='ocrx_word' id='word_1_334' title='bbox 1208 3262 1297 3317; x_wconf 87' lang='lat' dir='ltr'><strong>sui</strong></span> <span class='ocrx_word' id='word_1_335' title='bbox 1338 3262 1692 3317; x_wconf 61' lang='lat' dir='ltr'><strong>auctoribus</strong></span> <span class='ocrx_word' id='word_1_336' title='bbox 1774 3262 2007 3319; x_wconf 85' lang='lat' dir='ltr'><strong>Horum</strong></span> <span class='ocrx_word' id='word_1_337' title='bbox 2053 3269 2254 3319; x_wconf 87' lang='lat' dir='ltr'><strong>autem</strong></span> <span class='ocrx_word' id='word_1_338' title='bbox 2281 3264 2386 3321; x_wconf 73' lang='lat' dir='ltr'><strong>am</strong></span> 
     </span>
     <span class='ocr_line' id='line_1_38' title="bbox 174 3340 2383 3422; baseline -0.001 -19"><span class='ocrx_word' id='word_1_339' title='bbox 174 3348 425 3422; x_wconf 84' lang='lat' dir='ltr'><strong>regione</strong></span> <span class='ocrx_word' id='word_1_340' title='bbox 453 3360 687 3418; x_wconf 86' lang='lat' dir='ltr'><strong>prorsus</strong></span> <span class='ocrx_word' id='word_1_341' title='bbox 714 3349 1121 3397; x_wconf 83' lang='lat' dir='ltr'><strong>excesserunt:</strong></span> <span class='ocrx_word' id='word_1_342' title='bbox 1166 3340 1315 3396; x_wconf 88' lang='lat' dir='ltr'><strong>alios</strong></span> <span class='ocrx_word' id='word_1_343' title='bbox 1342 3357 1503 3407; x_wconf 87' lang='lat' dir='ltr'><strong>ver0,</strong></span> <span class='ocrx_word' id='word_1_344' title='bbox 1531 3341 1594 3395; x_wconf 89' lang='lat' dir='ltr'><strong>in</strong></span> <span class='ocrx_word' id='word_1_345' title='bbox 1633 3347 1986 3413; x_wconf 80' lang='lat' dir='ltr'><strong>potestatem</strong></span> <span class='ocrx_word' id='word_1_346' title='bbox 2017 3358 2187 3398; x_wconf 82' lang='lat' dir='ltr'><strong>suam</strong></span> <span class='ocrx_word' id='word_1_347' title='bbox 2215 3342 2383 3400; x_wconf 82' lang='lat' dir='ltr'><strong>reda-</strong></span> 
     </span>
     <span class='ocr_line' id='line_1_39' title="bbox 176 3419 2380 3497; baseline -0.001 -15"><span class='ocrx_word' id='word_1_348' title='bbox 176 3434 329 3491; x_wconf 85' lang='lat' dir='ltr'><strong>ctos,</strong></span> <span class='ocrx_word' id='word_1_349' title='bbox 364 3425 625 3497; x_wconf 87' lang='lat' dir='ltr'><strong>Cyprum</strong></span> <span class='ocrx_word' id='word_1_350' title='bbox 656 3421 835 3485; x_wconf 88' lang='lat' dir='ltr'><strong>misit,</strong></span> <span class='ocrx_word' id='word_1_351' title='bbox 860 3420 943 3475; x_wconf 87' lang='lat' dir='ltr'><strong>ibi</strong></span> <span class='ocrx_word' id='word_1_352' title='bbox 971 3419 1414 3475; x_wconf 80' lang='lat' dir='ltr'><strong>interficiendos.</strong></span> <span class='ocrx_word' id='word_1_353' title='bbox 1465 3420 1543 3475; x_wconf 89' lang='lat' dir='ltr'><strong>At</strong></span> <span class='ocrx_word' id='word_1_354' title='bbox 1569 3419 1676 3473; x_wconf 86' lang='lat' dir='ltr'><strong>hos</strong></span> <span class='ocrx_word' id='word_1_355' title='bbox 1703 3419 1940 3493; x_wconf 87' lang='lat' dir='ltr'><strong>quidem</strong></span> <span class='ocrx_word' id='word_1_356' title='bbox 1969 3420 2184 3488; x_wconf 86' lang='lat' dir='ltr'><strong>Cnidii,</strong></span> <span class='ocrx_word' id='word_1_357' title='bbox 2211 3436 2380 3480; x_wconf 83' lang='lat' dir='ltr'><strong>suam</strong></span> 
     </span>
     <span class='ocr_line' id='line_1_40' title="bbox 176 3498 2383 3575; baseline -0.001 -14"><span class='ocrx_word' id='word_1_358' title='bbox 176 3504 243 3561; x_wconf 88' lang='lat' dir='ltr'><strong>ad</strong></span> <span class='ocrx_word' id='word_1_359' title='bbox 272 3520 451 3559; x_wconf 83' lang='lat' dir='ltr'><strong>oram</strong></span> <span class='ocrx_word' id='word_1_360' title='bbox 478 3501 726 3565; x_wconf 87' lang='lat' dir='ltr'><strong>delatos,</strong></span> <span class='ocrx_word' id='word_1_361' title='bbox 756 3506 1081 3565; x_wconf 84' lang='lat' dir='ltr'><strong>servarunt,</strong></span> <span class='ocrx_word' id='word_1_362' title='bbox 1108 3505 1168 3553; x_wconf 91' lang='lat' dir='ltr'><strong>et</strong></span> <span class='ocrx_word' id='word_1_363' title='bbox 1190 3498 1448 3554; x_wconf 84' lang='lat' dir='ltr'><strong>Theram</strong></span> <span class='ocrx_word' id='word_1_364' title='bbox 1479 3499 1786 3553; x_wconf 83' lang='lat' dir='ltr'><strong>miserunt.</strong></span> <span class='ocrx_word' id='word_1_365' title='bbox 1844 3498 2007 3555; x_wconf 84' lang='lat' dir='ltr'><strong>Alios</strong></span> <span class='ocrx_word' id='word_1_366' title='bbox 2033 3518 2172 3555; x_wconf 84' lang='lat' dir='ltr'><strong>vero</strong></span> <span class='ocrx_word' id='word_1_367' title='bbox 2203 3500 2383 3575; x_wconf 85' lang='lat' dir='ltr'><strong>Cyre·-</strong></span> 
     </span>
     <span class='ocr_line' id='line_1_41' title="bbox 170 3576 2383 3653; baseline -0.002 -13"><span class='ocrx_word' id='word_1_368' title='bbox 170 3598 449 3640; x_wconf 77' lang='lat' dir='ltr'><strong>naeorum</strong></span> <span class='ocrx_word' id='word_1_369' title='bbox 490 3578 824 3645; x_wconf 81' lang='lat' dir='ltr'><strong>nonnullos,</strong></span> <span class='ocrx_word' id='word_1_370' title='bbox 862 3579 964 3652; x_wconf 86' lang='lat' dir='ltr'><strong>qui</strong></span> <span class='ocrx_word' id='word_1_371' title='bbox 1008 3579 1065 3633; x_wconf 86' lang='lat' dir='ltr'><strong>in</strong></span> <span class='ocrx_word' id='word_1_372' title='bbox 1114 3577 1399 3649; x_wconf 83' lang='lat' dir='ltr'><strong>privatam</strong></span> <span class='ocrx_word' id='word_1_373' title='bbox 1441 3576 1794 3650; x_wconf 83' lang='lat' dir='ltr'><strong>&#39;Aglomachi</strong></span> <span class='ocrx_word' id='word_1_374' title='bbox 1841 3594 2126 3653; x_wconf 82' lang='lat' dir='ltr'><strong>magnam</strong></span> <span class='ocrx_word' id='word_1_375' title='bbox 2173 3580 2383 3636; x_wconf 84' lang='lat' dir='ltr'><strong>turrim</strong></span> 
     </span>
     <span class='ocr_line' id='line_1_42' title="bbox 168 3653 2384 3735; baseline -0.002 -18"><span class='ocrx_word' id='word_1_376' title='bbox 168 3660 606 3735; x_wconf 75' lang='lat' dir='ltr'><strong>confugerant,</strong></span> <span class='ocrx_word' id='word_1_377' title='bbox 632 3653 993 3713; x_wconf 84' lang='lat' dir='ltr'><strong>circumdata</strong></span> <span class='ocrx_word' id='word_1_378' title='bbox 1016 3657 1261 3711; x_wconf 82' lang='lat' dir='ltr'><strong>materia</strong></span> <span class='ocrx_word' id='word_1_379' title='bbox 1284 3654 1612 3711; x_wconf 83' lang='lat' dir='ltr'><strong>Arcesilaus</strong></span> <span class='ocrx_word' id='word_1_380' title='bbox 1635 3658 1931 3711; x_wconf 82' lang='lat' dir='ltr'><strong>cremavit.</strong></span> <span class='ocrx_word' id='word_1_381' title='bbox 1993 3658 2129 3718; x_wconf 86' lang='lat' dir='ltr'><strong>Quo</strong></span> <span class='ocrx_word' id='word_1_382' title='bbox 2155 3666 2384 3730; x_wconf 79' lang='lat' dir='ltr'><strong>patrato</strong></span> 
     </span>
     <span class='ocr_line' id='line_1_43' title="bbox 172 3734 2382 3808; baseline -0.003 -11"><span class='ocrx_word' id='word_1_383' title='bbox 172 3740 468 3805; x_wconf 74' lang='lat' dir='ltr'><strong>facinore,</strong></span> <span class='ocrx_word' id='word_1_384' title='bbox 496 3736 961 3794; x_wconf 83' lang='lat' dir='ltr'><strong>animadvertens</strong></span> <span class='ocrx_word' id='word_1_385' title='bbox 988 3736 1139 3791; x_wconf 86' lang='lat' dir='ltr'><strong>hanc</strong></span> <span class='ocrx_word' id='word_1_386' title='bbox 1161 3747 1289 3790; x_wconf 83' lang='lat' dir='ltr'><strong>esse</strong></span> <span class='ocrx_word' id='word_1_387' title='bbox 1314 3734 1536 3789; x_wconf 84' lang='lat' dir='ltr'><strong>oraculi</strong></span> <span class='ocrx_word' id='word_1_388' title='bbox 1575 3734 1947 3801; x_wconf 80' lang='lat' dir='ltr'><strong>sententiam,</strong></span> <span class='ocrx_word' id='word_1_389' title='bbox 1977 3736 2130 3808; x_wconf 83' lang='lat' dir='ltr'><strong>quod</strong></span> <span class='ocrx_word' id='word_1_390' title='bbox 2159 3736 2382 3794; x_wconf 82' lang='lat' dir='ltr'><strong>noluis-</strong></span> 
     </span>
     <span class='ocr_line' id='line_1_44' title="bbox 176 3811 2385 3891; baseline -0.001 -16"><span class='ocrx_word' id='word_1_391' title='bbox 176 3828 261 3876; x_wconf 83' lang='lat' dir='ltr'><strong>set</strong></span> <span class='ocrx_word' id='word_1_392' title='bbox 280 3819 506 3891; x_wconf 83' lang='lat' dir='ltr'><strong>Pythia</strong></span> <span class='ocrx_word' id='word_1_393' title='bbox 528 3822 598 3873; x_wconf 87' lang='lat' dir='ltr'><strong>ut</strong></span> <span class='ocrx_word' id='word_1_394' title='bbox 619 3822 875 3888; x_wconf 85' lang='lat' dir='ltr'><strong>repertas</strong></span> <span class='ocrx_word' id='word_1_395' title='bbox 898 3815 962 3870; x_wconf 91' lang='lat' dir='ltr'><strong>in</strong></span> <span class='ocrx_word' id='word_1_396' title='bbox 984 3814 1227 3870; x_wconf 85' lang='lat' dir='ltr'><strong>fornace</strong></span> <span class='ocrx_word' id='word_1_397' title='bbox 1248 3811 1558 3885; x_wconf 80' lang='lat' dir='ltr'><strong>amphoras</strong></span> <span class='ocrx_word' id='word_1_398' title='bbox 1583 3823 1950 3887; x_wconf 82' lang='lat' dir='ltr'><strong>excoqueret,</strong></span> <span class='ocrx_word' id='word_1_399' title='bbox 1969 3815 2385 3889; x_wconf 73' lang='lat' dir='ltr'><strong>Cyrenaeorum</strong></span> 
     </span>
     <span class='ocr_line' id='line_1_45' title="bbox 174 3892 2383 3965; baseline -0.003 -9"><span class='ocrx_word' id='word_1_400' title='bbox 174 3898 329 3955; x_wconf 82' lang='lat' dir='ltr'><strong>urbe</strong></span> <span class='ocrx_word' id='word_1_401' title='bbox 370 3896 529 3954; x_wconf 85' lang='lat' dir='ltr'><strong>ult-ro</strong></span> <span class='ocrx_word' id='word_1_402' title='bbox 568 3894 871 3959; x_wconf 84' lang='lat' dir='ltr'><strong>abstinuit,</strong></span> <span class='ocrx_word' id='word_1_403' title='bbox 898 3900 1151 3949; x_wconf 88' lang='lat' dir='ltr'><strong>mortem</strong></span> <span class='ocrx_word' id='word_1_404' title='bbox 1196 3892 1407 3949; x_wconf 86' lang='lat' dir='ltr'><strong>timens</strong></span> <span class='ocrx_word' id='word_1_405' title='bbox 1448 3892 1686 3948; x_wconf 85' lang='lat' dir='ltr'><strong>oraculo</strong></span> <span class='ocrx_word' id='word_1_406' title='bbox 1723 3893 2141 3965; x_wconf 75' lang='lat' dir='ltr'><strong>significatam,</strong></span> <span class='ocrx_word' id='word_1_407' title='bbox 2169 3900 2230 3948; x_wconf 89' lang='lat' dir='ltr'><strong>et</strong></span> <span class='ocrx_word' id='word_1_408' title='bbox 2267 3900 2383 3949; x_wconf 76' lang='lat' dir='ltr'><strong>etr-</strong></span> 
     </span>
     <span class='ocr_line' id='line_1_46' title="bbox 169 3968 2386 4057; baseline -0.003 -24"><span class='ocrx_word' id='word_1_409' title='bbox 169 3976 473 4057; x_wconf 76' lang='lat' dir='ltr'><strong>‘cumfl&#39;uam</strong></span> <span class='ocrx_word' id='word_1_410' title='bbox 500 3974 667 4031; x_wconf 85' lang='lat' dir='ltr'><strong>illam</strong></span> <span class='ocrx_word' id='word_1_411' title='bbox 692 3972 1039 4041; x_wconf 80' lang='lat' dir='ltr'><strong>existimans</strong></span> <span class='ocrx_word' id='word_1_412' title='bbox 1066 3982 1203 4027; x_wconf 72' lang='lat' dir='ltr'><strong>‘esse</strong></span> <span class='ocrx_word' id='word_1_413' title='bbox 1230 3970 1519 4046; x_wconf 83' lang='lat' dir='ltr'><strong>Cyrenen.</strong></span> <span class='ocrx_word' id='word_1_414' title='bbox 1600 3968 1828 4028; x_wconf 88' lang='lat' dir='ltr'><strong>Habuit</strong></span> <span class='ocrx_word' id='word_1_415' title='bbox 1863 3986 2131 4040; x_wconf 71' lang='lat' dir='ltr'><strong>uxerem,</strong></span> <span class='ocrx_word' id='word_1_416' title='bbox 2163 3988 2386 4047; x_wconf 76' lang='lat' dir='ltr'><strong>cogna-</strong></span> 
     </span>
     <span class='ocr_line' id='line_1_47' title="bbox 176 4048 2386 4126; baseline -0.002 -13"><span class='ocrx_word' id='word_1_417' title='bbox 176 4062 301 4113; x_wconf 83' lang='lat' dir='ltr'><strong>tam·</strong></span> <span class='ocrx_word' id='word_1_418' title='bbox 333 4054 456 4120; x_wconf 70' lang='lat' dir='ltr'><strong>aui,</strong></span> <span class='ocrx_word' id='word_1_419' title='bbox 484 4052 669 4110; x_wconf 82' lang='lat' dir='ltr'><strong>filiam</strong></span> <span class='ocrx_word' id='word_1_420' title='bbox 708 4051 865 4126; x_wconf 86' lang='lat' dir='ltr'><strong>regis</strong></span> <span class='ocrx_word' id='word_1_421' title='bbox 888 4050 1280 4115; x_wconf 70' lang='lat' dir='ltr'><strong>Barcaeorum,</strong></span> <span class='ocrx_word' id='word_1_422' title='bbox 1310 4049 1405 4105; x_wconf 88' lang='lat' dir='ltr'><strong>cui</strong></span> <span class='ocrx_word' id='word_1_423' title='bbox 1448 4066 1664 4107; x_wconf 84' lang='lat' dir='ltr'><strong>nomen</strong></span> <span class='ocrx_word' id='word_1_424' title='bbox 1703 4058 1826 4106; x_wconf 81' lang='lat' dir='ltr'><strong>erat</strong></span> <span class='ocrx_word' id='word_1_425' title='bbox 1853 4048 2070 4105; x_wconf 73' lang='lat' dir='ltr'><strong>Alizirz</strong></span> <span class='ocrx_word' id='word_1_426' title='bbox 2109 4050 2186 4107; x_wconf 85' lang='lat' dir='ltr'><strong>ad</strong></span> <span class='ocrx_word' id='word_1_427' title='bbox 2229 4051 2386 4109; x_wconf 78' lang='lat' dir='ltr'><strong>hunc</strong></span> 
     </span>
     <span class='ocr_line' id='line_1_48' title="bbox 180 4128 2386 4208; baseline -0.001 -19"><span class='ocrx_word' id='word_1_428' title='bbox 180 4152 239 4192; x_wconf 84' lang='lat' dir='ltr'><strong>se</strong></span> <span class='ocrx_word' id='word_1_429' title='bbox 264 4135 507 4208; x_wconf 86' lang='lat' dir='ltr'><strong>recepit.</strong></span> <span class='ocrx_word' id='word_1_430' title='bbox 588 4135 672 4197; x_wconf 57' lang='lat' dir='ltr'><strong>At,</strong></span> <span class='ocrx_word' id='word_1_431' title='bbox 698 4130 783 4187; x_wconf 86' lang='lat' dir='ltr'><strong>ibi</strong></span> <span class='ocrx_word' id='word_1_432' title='bbox 808 4130 1125 4202; x_wconf 84' lang='lat' dir='ltr'><strong>conspicati</strong></span> <span class='ocrx_word' id='word_1_433' title='bbox 1154 4144 1291 4183; x_wconf 86' lang='lat' dir='ltr'><strong>eum</strong></span> <span class='ocrx_word' id='word_1_434' title='bbox 1316 4130 1476 4185; x_wconf 85' lang='lat' dir='ltr'><strong>cives</strong></span> <span class='ocrx_word' id='word_1_435' title='bbox 1506 4129 1727 4185; x_wconf 86' lang='lat' dir='ltr'><strong>Barcaei</strong></span> <span class='ocrx_word' id='word_1_436' title='bbox 1751 4136 1812 4185; x_wconf 90' lang='lat' dir='ltr'><strong>et</strong></span> <span class='ocrx_word' id='word_1_437' title='bbox 1835 4128 2253 4201; x_wconf 80' lang='lat' dir='ltr'><strong>Cyrenaeorum</strong></span> <span class='ocrx_word' id='word_1_438' title='bbox 2279 4148 2386 4187; x_wconf 73' lang='lat' dir='ltr'><strong>ex·-</strong></span> 
     </span>
     <span class='ocr_line' id='line_1_49' title="bbox 170 4204 2386 4281; baseline -0.002 -10"><span class='ocrx_word' id='word_1_439' title='bbox 170 4215 377 4274; x_wconf 74' lang='lat' dir='ltr'><strong>&#39;sulum</strong></span> <span class='ocrx_word' id='word_1_440' title='bbox 402 4210 691 4270; x_wconf 71' lang='lat' dir='ltr'><strong>nonnulli</strong></span> <span class='ocrx_word' id='word_1_441' title='bbox 704 4210 768 4268; x_wconf 83' lang='lat' dir='ltr'><strong>ln</strong></span> <span class='ocrx_word' id='word_1_442' title='bbox 794 4208 931 4267; x_wconf 81' lang='lat' dir='ltr'><strong>foro</strong></span> <span class='ocrx_word' id='word_1_443' title='bbox 947 4210 1283 4266; x_wconf 71' lang='lat' dir='ltr'><strong>versantem</strong></span> <span class='ocrx_word' id='word_1_444' title='bbox 1326 4204 1679 4265; x_wconf 74' lang='lat' dir='ltr'><strong>interfeceru</strong></span> <span class='ocrx_word' id='word_1_445' title='bbox 1687 4220 1778 4276; x_wconf 82' lang='lat' dir='ltr'><strong>nt,</strong></span> <span class='ocrx_word' id='word_1_446' title='bbox 1797 4204 2257 4281; x_wconf 56' lang='lat' dir='ltr'><strong>simulqueteum</strong></span> <span class='ocrx_word' id='word_1_447' title='bbox 2278 4210 2386 4267; x_wconf 85' lang='lat' dir='ltr'><strong>illo</strong></span> 
     </span>
     <span class='ocr_line' id='line_1_50' title="bbox 1238 4289 1343 4342; baseline -0.01 0"><span class='ocrx_word' id='word_1_448' title='bbox 1238 4289 1279 4342; x_wconf 74' lang='lat'><strong>2</strong></span> <span class='ocrx_word' id='word_1_449' title='bbox 1309 4302 1343 4341; x_wconf 72' lang='lat' dir='ltr'><strong>r</strong></span> 
     </span>
    </p>
   </div>
  </div>
 </body>
</html>
