2925 4992
578 320 697 377 258
1145 300 1650 373 HERO'DOTI
1717 304 2090 374 HlsToR.
2127 308 2202 371 V.

584 476 756 532 dinea
782 480 962 530 erant.
1044 471 1275 530 Harum
1306 490 1484 529 unam
1507 488 1691 549 quum
1719 470 2074 529 incendisset
2093 470 2336 547 quidam
2361 486 2434 531 ex
2455 454 2724 539 militibus,

583 555 863 613 continuo
906 551 981 607 de
1026 552 1207 607 domo
1244 552 1303 607 in
1350 552 1598 607 domum
1640 560 1936 625 grassatus
1971 551 2154 625 ignis,
2191 550 2514 607 universam
2552 550 2728 625 urban

580 631 951 711 depascebat.
1010 629 1271 686 Ardente
1294 631 1461 695 urbe,
1483 630 1630 705 Lydi
1658 642 1717 685 et
1741 626 2098 703 quicumque
2119 628 2310 685 Persas
2331 629 2392 685 in
2415 628 2552 685 urbe
2571 638 2730 694 eraut,

578 712 845 784 undique
884 708 1200 773 interclusi,
1230 715 1435 781 utpote
1476 720 1737 765 extrema
1775 707 2114 763 absumente
2155 707 2448 774 incendio,
2473 708 2530 763 in
2569 706 2732 763 torum

581 792 997 847 confluxerunt
1024 787 1093 842 ad
1124 788 1425 844 Pactolum
1473 788 1763 842 fluvium:
1807 787 1910 859 qui
1951 782 2162 861 fluvius
2201 786 2328 842 auri
2367 794 2620 842 ramenta
2639 784 2748 842 illis

580 886 657 925 ex
682 868 896 925 Tmolo
938 866 1223 930 deferens,
1254 882 1355 939 per
1396 866 1657 922 medium
1703 865 1899 920 forum
1939 864 2172 927 labitur,
2199 873 2260 921 et
2301 866 2506 921 deinde
2543 862 2734 920 Hermo

582 948 766 1003 fluvio
807 946 1104 1011 miscetur,
1132 942 1319 1019 quiin
1352 960 1514 1000 mare
1537 941 1755 999 influit.
1833 943 1922 998 Ad
1959 944 2112 999 hunc
2158 944 2344 1019 igitur
2381 940 2656 999 Pactolum
2687 946 2736 997 et

580 1027 641 1082 in
683 1026 881 1081 forum
917 1025 1257 1099 congregati
1289 1023 1437 1099 Lydi
1466 1032 1642 1097 atque
1669 1022 1877 1085 Persae,
1907 1021 2216 1078 defendere
2259 1038 2388 1097 sese
2409 1021 2587 1093 eoacti
2607 1026 2735 1077 sunt.

580 1107 659 1162 At
684 1105 884 1170 Iones,
914 1102 1014 1157 ubi
1056 1102 1331 1157 viderunt
1372 1102 1518 1159 alios
1561 1118 1636 1156 ex
1683 1099 1952 1156 hostibus
1994 1100 2228 1157 fortiter
2249 1110 2593 1177 pugnantes,
2617 1098 2736 1173 aiios

584 1200 725 1241 vero
766 1197 983 1256 magno
1012 1198 1261 1237 numero
1304 1180 1661 1255 ingruentes,
1695 1178 1903 1253 trepidi
1925 1178 2198 1235 cedentes
2229 1180 2300 1235 ad
2345 1178 2634 1243 Tmolum,
2653 1176 2737 1250 qui

479 1324 490 1337 ·
580 1269 842 1327 vocatur,
890 1269 1157 1316 montem
1200 1276 1263 1315 se
1312 1266 1688 1335 receperunti
1735 1266 1912 1333 atque
1953 1256 2090 1313 inde
2131 1258 2244 1315 sub
2287 1268 2522 1315 noctem
2569 1270 2748 1315 versut·

582 1358 761 1397 naves
786 1356 919 1394 suas
944 1338 1231 1395 abierunt.

571 1417 590 1458 ⁸
668 1422 797 1476 109..
843 1416 936 1474 lta
976 1417 1219 1481 incendio
1257 1423 1542 1472 consumta
1579 1424 1723 1472 sunt
1763 1415 1992 1481 Sardes,
2023 1415 2084 1471 in
2111 1415 2312 1491 eisque
2339 1416 2619 1491 indigenae
2641 1413 2752 1470 deoe'

582 1498 829 1575 Cybeles
856 1504 973 1551 tem
982 1496 1142 1568 plum
1166 1517 1179 1551 ε
1226 1512 1403 1571 quam
1424 1509 1691 1567 caussam
1713 1503 1920 1569 postea
1939 1502 2320 1569 praetexentes
2347 1482 2538 1551 Persae'
2557 1492 2739 1564 templa

578 1578 840 1633 vicissim
874 1577 929 1631 in
962 1571 1189 1647 Graecia
1220 1582 1567 1645 cremarunt.
1645 1574 1820 1629 Tunc
1857 1578 1998 1629 vero
2023 1573 2216 1630 Persoe
2251 1574 2360 1647 qui
2399 1574 2552 1629 intra
2577 1571 2740 1645 Halyn

582 1652 832 1713 fluvium
860 1654 1025 1730 sedes
1060 1652 1373 1721 habebant,
1400 1653 1674 1709 certiores
1703 1652 1844 1707 facti
1883 1652 2020 1726 quid
2061 1662 2355 1725 ageretur,
2377 1648 2596 1723 junctis
2627 1650 2740 1705 viri·

575 1734 687 1791 bus
713 1734 935 1791 auxilio
959 1732 1137 1809 Lydis
1160 1740 1466 1789 venerunt.
1545 1732 1664 1793 Qui
1693 1747 1881 1805 quum
1909 1730 2082 1787 Ionas
2125 1724 2246 1787 non
2288 1731 2541 1805 amplius
2577 1728 2739 1785 Sardi·

576 1812 694 1871 bus
720 1822 911 1870 essent
938 1810 1114 1877 nacti,
1142 1828 1177 1866 e
1200 1813 1455 1885 vestigio
1483 1809 1798 1875 subsecuti,
1829 1805 2048 1883 Ephesi
2081 1809 2216 1865 illos
2253 1808 2741 1886 deprehenderunt.

574 1890 659 1949 Et
686 1886 1125 1965 Iones'quidem
1172 1889 1232 1944 in
1278 1891 1462 1945 aciem
1499 1889 1776 1947 adversus
1801 1904 1904 1944 eos
1931 1889 2222 1961 progressi
2263 1898 2425 1956 sunt,
2454 1887 2552 1943 sed
2575 1885 2740 1959 prelio

579 1970 896 2028 commisso
921 1968 1149 2043 ingenti
1172 1967 1335 2023 clade
1356 1976 1501 2024 sunt
1525 1966 1738 2024 adfecti
1759 1983 1776 2021 z
1821 1982 2228 2041 magnumque
2246 1984 2450 2023 eorum
2471 1980 2742 2037 numerum

576 2048 771 2106 Persae
809 2047 1249 2111 interfecerunt,
1286 2062 1473 2119 quum
1513 2042 1658 2101 alios
1697 2052 1986 2117 spectatos
2025 2044 2206 2111 viros,
2235 2056 2369 2101 tum
2411 2044 2738 2107 Euaicidem,

575 2126 996 2187 Eretriensium
1026 2123 1255 2189 ducem,
1280 2126 1472 2180 virum
1501 2124 1606 2197 qui
1631 2124 1693 2178 in
1719 2123 1997 2181 ludorum
2038 2118 2380 2181 solennibus
2415 2139 2648 2181 coronas
2667 2136 2741 2177 te·

576 2210 931 2283 portaverat,
962 2202 1331 2277 multumque
1366 2221 1399 2258 a
1439 2200 1744 2258 Simonide
1789 2202 1908 2257 Ceo
1949 2209 2075 2258 erat
2115 2202 2410 2261 laudatus.
2471 2198 2606 2265 ‘Qui
2629 2208 2744 2257 veto

580 2301 651 2343 ex
680 2302 887 2361 pugna
911 2292 1244 2349 evaserunt,
1274 2300 1379 2356 per
1400 2282 1666 2337 civitates
1691 2289 1833 2338 sunt
1855 2280 2138 2355 dissipati.

665 2368 793 2422 103.
832 2363 963 2421 Tali
990 2363 1174 2439 igitur
1201 2361 1377 2417 modo
1406 2368 1554 2416 tunc
1577 2367 1905 2435 pugnatum
1937 2368 2051 2419 est.
2129 2360 2402 2418 Posthaec
2427 2379 2563 2418 uero
2588 2358 2741 2416 Athe-

576 2442 804 2501 nienses
830 2457 1066 2517 prorsus
1090 2439 1468 2496 deseruerunt
1495 2436 1704 2508 Ionas3
1749 2446 1809 2494 et
1848 2454 2004 2513 saepe
2027 2439 2406 2513 multumque
2443 2441 2518 2497 ab
2555 2438 2744 2495 Arista-

575 2534 725 2599 gora
750 2540 853 2600 per
876 2520 1119 2578 nuncios
1146 2518 1440 2583 solicitati‚
1469 2525 1808 2573 constanter
1847 2529 2138 2591 negarunt
2177 2536 2239 2574 se
2279 2514 2508 2575 auxilio
2535 2517 2644 2575 illis
2660 2514 2746 2575 fu·-

576 2610 795 2658 turos.·
841 2599 953 2655 Sed
980 2595 1172 2661 Iones,
1203 2596 1646 2653 Atheniensium
1693 2596 1916 2655 auxilio
1963 2596 2198 2670 privati,
2227 2597 2417 2653 nihilo
2459 2598 2647 2654 minus
2683 2590 2747 2664 sd
2862 2652 2864 2677 ;

578 2678 777 2736 bellum
802 2678 1057 2749 aduersus
1084 2676 1353 2741 Darium,
1380 2674 1538 2751 quod
1573 2682 1700 2747 post
1739 2691 1808 2729 ea
1845 2690 1982 2748 quae
2005 2674 2286 2732 adversus
2311 2676 2486 2733 illum
2507 2680 2745 2749 patrave-

574 2766 711 2815 rant
737 2756 941 2825 evitari
969 2770 1088 2811 non
1118 2770 1287 2829 posse
1310 2753 1744 2830 intelligebant,
1765 2770 1896 2809 sese
1921 2754 2358 2826 comparabant.
2438 2754 2510 2811 In
2539 2752 2750 2811 Helles-

573 2844 826 2911 pontum
857 2834 1100 2891 navibus
1128 2833 1397 2907 profecti,
1422 2832 1781 2905 Byzantium
1822 2841 1885 2889 et
1923 2832 2068 2889 alias
2105 2850 2308 2890 omnes
2355 2851 2429 2889 eo
2473 2833 2586 2890 loci
2625 2828 2748 2887 civi·

575 2922 728 2973 tates
754 2926 932 2975 ,suum
959 2912 1071 2970 sub
1097 2912 1446 2986 obsequium
1475 2912 1840 2986 redegerunt.
1921 2910 2073 2967 Dein
2113 2919 2280 2968 extra
2322 2911 2747 2987 Hellespontum
2862 2912 2864 2921 '

576 2994 813 3061 revecti,
841 2988 1127 3062 majorem
1166 2990 1355 3047 Cariae
1391 2997 1617 3063 partem
1657 2989 1922 3046 societati
1958 3005 2082 3046 suoe
2119 2986 2492 3060 adjecerunt:
2519 3005 2669 3046 nam
2697 2991 2748 3041 et

575 3078 842 3139 Caunus,
870 3088 1003 3147 quae
1038 3070 1222 3144 prius,
1248 3068 1488 3149 quando
1527 3067 1736 3128 Sardes
1773 3074 2130 3146 cremarunt,
2153 3070 2500 3127 societatem
2537 3067 2746 3138 illorum

576 3158 961 3217 recusaverat,
992 3166 1148 3206 nunc
1172 3149 1257 3205 eis
1276 3148 1546 3223 accessit.

660 3234 789 3287 104.
832 3229 1031 3304 Cyprii
1070 3242 1213 3284 vero
1251 3221 1912 3299 universiinnathusiis
1951 3226 2230 3301 exceptis,
2257 3228 2420 3284 ultro
2445 3244 2508 3285 se
2531 3224 2640 3283 iuis
2661 3221 2748 3279 ad·

564 3306 924 3381 junxerunt.
1006 3304 1161 3362 Nam
1188 3311 1249 3361 et
1274 3305 1336 3361 hi
1362 3322 1396 3359 s
1419 3305 1612 3362 Medis
1639 3306 2006 3364 desciverant
2031 3306 2138 3362 tali
2161 3306 2488 3365 occasione.
2555 3300 2748 3361 Onesi·
2862 3340 2864 3343 ψ

572 3390 667 3447 lus
708 3393 851 3451 erat,
880 3384 1070 3459 Gon-gi
1120 3380 1578 3465 Salaminiorum
1611 3386 1768 3459 regis
1811 3384 1994 3460 frater
2029 3391 2174 3441 natu
2215 3384 2432 3452 minor,
2483 3378 2748 3441 Chersidis

571 3467 751 3533 filius,
806 3464 1021 3543 Siromi
1073 3478 1272 3535 nepos,
1321 3459 1608 3537 pronepos
1655 3462 2048 3537 Euelthontis.
2131 3459 2250 3519 Hic
2301 3464 2416 3537 vir,
2461 3470 2748 3537 postquam

572 3542 783 3618 saepius
824 3550 999 3599 antea
1040 3541 1332 3616 Gorgum,
1360 3548 1429 3603 nt
1479 3558 1515 3597 a
1555 3556 1694 3615 rege
1735 3541 2024 3607 deficeret,
2063 3550 2218 3598 esset
2253 3542 2561 3617 hortatus3
2605 3548 2744 3604 tunc,

570 3627 675 3682 ubi
704 3624 878 3681 lonas
920 3622 1097 3677 etiam
1137 3620 1419 3695 cognovit
1462 3620 1795 3687 descivisse,
1826 3620 2234 3679 vehementius
2277 3620 2452 3679 illum
2492 3618 2748 3693 instigem

571 3698 819 3760 conatus
844 3706 949 3757 est.
1028 3699 1141 3755 Cui
1188 3715 1372 3772 quum
1415 3716 1641 3755 morem
1671 3692 1811 3757 'non
1853 3706 2080 3773 gereret
2107 3699 2370 3774 Gorgus,
2401 3706 2638 3773 tempus
2657 3692 2748 3751 ob-

571 3776 814 3849 servans
839 3778 1131 3845 Onesilus‚
1156 3794 1287 3851 quo
1321 3786 1488 3833 extra
1524 3778 1729 3835 urbem
1763 3770 2024 3833 Salamin
2053 3777 2154 3835 ille
2179 3784 2304 3834 erat
2327 3784 2618 3853 egressus,
2643 3772 2746 3831 fra-

569 3872 721 3919 trem
750 3857 993 3933 ejusque
1018 3864 1328 3913 sectatores
1368 3857 1554 3929 portis
1591 3856 1858 3915 exclusit.
1939 3855 2148 3931 Itaque
2173 3856 2438 3933 Gon-gns,
2465 3854 2750 3927 urbe'spo-

566 3940 767 4005 liatus,
797 3936 869 3994 ad
895 3935 1105 3993 Medos
1150 3936 1452 4009 profugit:
1501 3935 1780 4009 Onesilus
1820 3950 1960 3989 vero
2001 3934 2314 3991 Salaminis
2345 3936 2546 4009 tenuit
2581 3934 2748 4003 impe·

567 4018 723 4073 rium
748 4040 765 4087 3
808 4015 1205 4087 omnibusque
1230 4014 1482 4087 Cypriis,
1509 4020 1578 4070 nt
1603 4030 1807 4071 secum⁴
1827 4011 2234 4081 desciscerent,
2251 4011 2559 4088 persuasit.
2631 4010 2746 4065 Ca*-

568 4096 708 4153 teris
748 4092 983 4168 quidem
1030 4091 1313 4163 persuasit
1354 4092 1624 4164 cunctis,
1668 4091 1840 4151 Amat
1848 4090 2049 4149 husius
2093 4108 2254 4169 vero,
2292 4108 2522 4152 morem
2567 4100 2748 4169 gerere

570 4174 857 4257 nolentes,
884 4170 1191 4241 obsidione
1215 4170 1418 4250 cinxit,
1611 4180 1620 4187 ’
1769 4166 1776 4174 ’
1899 4166 1924 4172 ’”
2343 4170 2348 4173 ’
2575 4186 2582 4193 ·
