2925 4992
1072 284 1441 347 numu.
1625 364 1636 374 .
2233 292 2356 353 sar

174 454 201 495 e
222 438 425 511 quibus
449 438 611 499 facta
630 450 717 501 est
740 448 934 501 statua
952 440 1263 501 duodecim
1290 442 1626 503 cubitorum
1651 446 2090 523 magnitudine,
2107 442 2367 511 rostrum·

175 518 325 575 navis
362 536 542 577 manu
584 530 830 592 tenens3
864 523 1008 596 'quas
1054 522 1263 581 eodem
1308 522 1441 581 loco
1469 525 1662 599 posita
1703 536 1793 585 est
1833 528 1938 585 ubi
1978 546 2156 589 aurea
2179 526 2361 586 Alex-

104 597 113 606 '
179 596 333 653 andri
358 596 703 657 Macedonis
730 608 941 657 statua.
1871 604 1877 611 ’

243 678 366 731 122.
412 675 731 753 Postquam
782 678 1052 753 Delphos
1106 678 1395 755 primitias
1437 680 1737 751 ¹miserunt
1789 684 2005 751 Graeci,
2045 686 2349 743 communi

170 756 421 811 omnium
469 755 707 814 nomine
750 758 1189 835 interrogarunt
1222 759 1420 825 deum,
1448 778 1521 815 au
1547 762 1868 837 sufficientes
1902 770 1958 821 et
1988 771 2184 837 gratas
2205 780 2362 820 acce-

164 834 319 903 pisset
357 836 653 906 primitias.
736 836 967 899 Quibus
1020 838 1118 893 ille
1161 838 1486 918 respondit,
1515 858 1550 893 a
1579 844 1782 897 caeteris
1812 844 2028 915 quidem
2048 866 2066 912 3
2109 859 2208 898 nec
2243 860 2369 898 vero

170 910 231 964 ab
254 908 528 983 AEginetis
545 938 564 970 :
604 914 707 971 sed
732 915 807 971 ab
833 916 925 973 his
957 917 1187 989 repetiit
1214 918 1520 991 praemium
1546 918 1699 991 quod
1727 920 1838 977 illis
1861 922 1941 977 ob
1980 938 2105 977 rem
2147 918 2220 977 ad
2258 918 2365 978 Sa·

168 988 371 1048 lamina
395 992 547 1049 bene
572 1002 800 1069 gestam
830 995 1120 1052 tributum
1148 995 1372 1051 fuisset.
1452 996 1592 1061 Quo
1615 998 1838 1067 audito,
1867 996 2170 1077 AEginetae
2196 998 2362 1055 dedi·

168 1078 359 1125 carnut
398 1088 603 1128 aureas
646 1072 843 1129 stellas
882 1082 1025 1140 tres,
1055 1090 1189 1147 quae
1228 1090 1404 1149 super
1444 1092 1612 1131 aeneo
1653 1078 1813 1135 malo
1841 1074 2006 1135 stant
2045 1076 2108 1134 in
2143 1076 2362 1155 angulo

169 1148 417 1220 proxime
446 1150 631 1209 Croesi
660 1160 963 1210 craterem.

240 1228 363 1283 1⁴23.
408 1228 551 1287 Post
578 1230 791 1305 praedae
816 1230 1289 1289 distributionem
1328 1232 1391 1289 in
1424 1232 1719 1291 Isthmum
1761 1234 2122 1311 navigarunt
2149 1234 2363 1303 Graeci,

166 1305 371 1361 virtutis
389 1313 680 1379 praemium
708 1310 983 1367 tributuri
1008 1310 1063 1366 ei
1090 1326 1123 1365 e
1143 1327 1384 1379 suorum
1416 1328 1685 1379 numere,
1703 1315 1800 1387 q‘ui
1829 1314 1892 1369 in
1921 1316 2031 1371 hoc
2057 1313 2217 1370 bello
2239 1330 2362 1389 prae

165 1386 370 1441 caeteris
396 1386 549 1443 illud
580 1389 1038 1445 commeruisset.
1119 1387 1438 1463 Postquam
1466 1408 1604 1445 vero
1632 1408 1702 1445 eo
1741 1400 2132 1467 pervenerunt
2161 1392 2361 1460 duces,

166 1468 217 1515 et
241 1462 487 1521 calculos
518 1467 675 1525 inter
703 1484 765 1522 se
806 1467 879 1522 ad
905 1467 1173 1540 Neptuni
1211 1464 1393 1524 aram'
1414 1468 1864 1537 distribuerunt,
1895 1470 2152 1543 primum
2179 1478 2238 1527 et
2267 1487 2360 1527 se-

166 1542 407 1599 cundum
451 1559 567 1599 suo
599 1540 825 1613 judicio
864 1545 1255 1619 designaturi3
1302 1546 1383 1602 ibi
1422 1558 1570 1605 tunc
1601 1563 1806 1608 eorum
1833 1544 2078 1627 quisque
2105 1548 2219 1604 sibi
2246 1550 2364 1621 pri-

164 1634 315 1679 mum
366 1620 567 1697 posuit
612 1624 931 1689 calculum,
972 1641 1035 1681 se
1083 1624 1276 1697 ipsum
1323 1626 1570 1701 quisque
1621 1625 2008 1683 fortissimum
2049 1621 2360 1697 judicans:

162 1698 303 1767 quod
344 1709 549 1757 autem
573 1702 650 1761 ad
692 1702 970 1758 secundas
1012 1712 1203 1775 partes
1242 1704 1518 1779 pertinet,
1547 1703 1810 1779 plerique
1853 1704 2064 1763 calculi
2105 1707 2166 1760 in
2196 1704 2362 1761 'she-

163 1776 469 1839 mistoclem
534 1788 971 1839 consenserunt.
1051 1778 1257 1855 Itaque
1306 1782 1391 1837 iili
1448 1782 1689 1858 singula
1739 1784 1992 1839 habuere
2045 1783 2356 1859 suffragia:

162 1850 537 1919 Themistocli
584 1870 781 1915 autem
832 1859 1015 1937 longe
1061 1860 1336 1933 pleraque
1384 1860 1662 1937 suffragia
1711 1862 1990 1920 secundas
2037 1862 2366 1941 tribuerunt

164 1941 359 2003 partes
1176 1964 1184 1970 ⁸
2035 1942 2102 2011 ’ς

232 2015 353 2069 124.
394 2014 463 2077 ld
483 2011 785 2087 judicium
813 2016 990 2075 duces
1019 2018 1253 2093 quidem
1284 2016 1474 2075 Graeci
1502 2018 1580 2075 ob
1609 2017 1890 2095 invidiam
1923 2025 2114 2075 ratum
2143 2018 2362 2085 habere

161 2092 479 2160 noluerunt,
514 2094 615 2150 sed
658 2113 718 2155 re
758 2090 1077 2165 injudicata
1116 2114 1281 2155 suam
1327 2099 1574 2173 quisque
1615 2098 1676 2155 in
1717 2100 2014 2155 civitatem
2056 2098 2363 2155 discessit:

52 2178 60 2185 “
160 2180 556 2233 verumtamen
596 2170 1023 2231 Themistocles
1062 2194 1167 2251 per
1205 2176 1538 2235 universam
1579 2178 1878 2232 Graeciam'
1910 2182 1979 2231 ut
2017 2178 2361 2233 Graecorum

160 2246 325 2323 longe
388 2252 885 2323 prudentissimus
947 2256 1297 2330 praedicatus
1362 2255 1806 2326 celebratusque
1858 2261 1962 2309 est.
2055 2254 2364 2315 Quoniam

160 2343 303 2393 vero,
328 2330 460 2385 licet
478 2330 693 2399 victor,
720 2348 839 2387 non
870 2342 1069 2387 tamen
1104 2334 1327 2399 honore,
1346 2332 1612 2393 adfectus
1641 2340 1764 2387 erat
1793 2330 1868 2386 ab
1899 2332 1989 2386 his
2012 2333 2111 2405 qui
2141 2347 2364 2409 pugna:
2401 2382 2405 2387 .

161 2405 225 2460 ad
252 2406 607 2467 Salaminem
646 2409 882 2467 fuerant
922 2408 1099 2478 socii3
1146 2410 1417 2485 protinus
1460 2418 1596 2486 post
1637 2408 1758 2475 luec
1783 2408 2269 2489 Lacedaemonem
2298 2426 2362 2465 se

160 2486 407 2549 contulit,
436 2488 527 2549 ibi
553 2504 616 2543 se
646 2488 1003 2545 honoratum
1040 2490 1111 2544 iri
1146 2506 1402 2563 sperans.
1441 2499 1449 2510 ·
1481 2489 1562 2545 Et
1597 2486 1913 2545 liberaliter
1949 2504 2088 2543 eum
2127 2504 2360 2563 recepe-

161 2576 280 2619 runt
306 2565 774 2632 Lacedaemoni'i,
805 2560 868 2623 et
898 2568 1115 2625 eximio
1155 2570 1375 2626 honore
1414 2568 1770 2629 adfecerunt.
1850 2563 2010 2623 Nam
2037 2564 2362 2647 Eurybiadi

160 2642 375 2715 quidem
416 2645 685 2719 primum
731 2646 1037 2703 decrevere
1078 2648 1414 2721 praemium,
1456 2647 1820 2723 oleagineam
1861 2642 2172 2709 coronam:
2219 2662 2362 2719 pru·-

159 2720 355 2781 dentite
378 2720 529 2780 vero
557 2732 615 2781 et
642 2725 1003 2785 dexteritatis
1042 2727 1353 2800 praemium
1378 2722 1768 2783 Themistocli
1809 2726 2165 2803 tribuerunt,
2193 2724 2358 2781 olea-

158 2800 375 2873 gineam
432 2802 577 2859 huic
630 2805 848 2879 pariter
897 2822 1198 2860 coronam.
1281 2804 1570 2861 Praeterea
1619 2820 1797 2859 curru
1847 2820 1982 2859 eum
2041 2804 2358 2871 donarunt,

156 2874 497 2951 pulcerrimo
525 2881 624 2955 qui
655 2877 877 2955 Spartae
904 2891 1063 2939 erat:
1105 2888 1163 2937 et
1192 2884 1431 2957 egregie
1458 2874 1862 2939 collaudatum
1905 2882 2194 2961 prosecuti
2223 2891 2360 2939 sunt

157 2957 454 3019 abeuntem
506 2959 717 3018 delecti
764 2962 1005 3018 trecenti
1046 2962 1499 3035 Spartanorum,
1535 2962 1597 3016 hi
1641 2960 1744 3033 qui
1783 2962 2007 3033 equit-es
2050 2964 2355 3027 vocantur,

158 3052 327 3113 usque
370 3042 442 3099 ad
474 3039 895 3115 .'l'egeatarum
920 3091 927 3099 .
951 3041 1153 3097 fines..
1199 3038 1309 3107 Est
1364 3047 1562 3113 autem
1609 3036 2040 3095 Themistocles
2081 3055 2240 3095 unus
2283 3054 2358 3096 ex

160 3119 425 3178 omnibus
496 3134 603 3174 uos
639 3115 916 3179 novimus
950 3118 1307 3195 hominibus,
1337 3136 1512 3195 quem
1543 3114 1808 3193 Spartani
1847 3116 1934 3173 ita
1969 3117 2202 3192 publice
2243 3118 2363 3181 sint

160 3208 315 3267 prose
360 3206 506 3261 uut.
952 3230 955 3235 -
1995 3262 2000 3269 ‚
2193 3217 2200 3224 ·

232 3216 357 3332 1253
400 3276 485 3335 Ut
515 3283 717 3337 autem
737 3274 1157 3333 Lacedaemone
1182 3276 1441 3334 Athenas
1470 3276 1654 3349 venit,
1679 3274 1766 3335 ibi
1793 3283 1934 3335 tunc
1947 3272 2358 3344 TimodemuS,

160 3351 564 3427 Aphidnensis,
594 3356 697 3431 qui
724 3355 795 3431 de
824 3372 1071 3429 numero
1100 3354 1474 3413 inimicorum
1499 3352 1627 3427 ejus
1655 3366 1798 3433 erat,
1824 3362 2104 3427 caeterum
2135 3370 2257 3410 non
2285 3372 2361 3411 ex

158 3428 469 3491 illustribus
502 3434 645 3489 viris
680 3434 893 3500 home,
924 3434 1146 3489 invidia
1182 3435 1511 3500 insaniem,
1541 3433 1891 3497 obtrectavit
1931 3431 2316 3489 Themistocli
2335 3454 2353 3505 3

156 3502 590 3589 exprobansque
630 3513 685 3567 ei
724 3512 877 3587 qudd
907 3512 1395 3591 Lacedaemonem
1438 3530 1500 3569 se
1539 3511 1906 3579 contulisset,
1935 3510 2150 3579 aiebat,
2178 3508 2354 3567 Athe-

158 3590 408 3663 niensium
440 3593 634 3667 gratia
663 3590 1095 3649 Laeedaemonios
1120 3610 1239 3647 eum
1278 3592 1476 3647 honore
1503 3591 1600 3647 illo
1628 3609 1738 3647 esse
1771 3598 2102 3663 prosecutos,
2133 3582 2239 3645 vion
2266 3592 2353 3663 ip-

155 3670 257 3724 sius
300 3674 513 3746 gratia.
594 3669 768 3731 Quod
818 3671 925 3727 ubi
976 3669 1195 3745 passim
1247 3671 1508 3727 dictitare
1560 3687 1681 3727 non
1737 3669 1909 3725 desiit
1949 3665 2353 3745 Tiniodemus,
2423 3712 2434 3726 .

153 3744 575 3807 Themistocles
604 3750 654 3805 ei
682 3750 799 3805 ait:
840 3754 891 3801 .“
920 3748 1019 3809 Ita
1056 3750 1165 3804 tibi
1194 3764 1257 3805 se
1293 3760 1385 3805 res
1422 3748 1641 3805 habet:
1686 3764 1796 3805 nec
1824 3766 1956 3825 eg0‚
1987 3749 2034 3803 si
2061 3742 2356 3804 Belbinita

56 3888 59 3895 ,
157 3828 196 3855 “
221 3842 427 3896 essem,
456 3830 541 3885 ita
564 3821 891 3886 honoratus
914 3826 1160 3884 fuissem
1187 3846 1223 3882 a
1246 3826 1707 3885 Lacedaemoniis
1729 3844 1746 3894 3
1780 3844 1892 3894 nec
1917 3836 2007 3892 tu,
2037 3826 2216 3889 homo
2240 3825 2254 3880 !
2304 3824 2355 3883 si

154 3909 195 3934 “
219 3904 371 3963 esses
400 3922 620 3979 genere
646 3908 1077 3963 Atheniensis.”
1159 3904 1237 3961 Et
1254 3906 1388 3963 haec
1414 3906 1650 3981 quidem
1679 3905 1989 3979 hactenus

230 3986 379 4061 1¹23.⁶
404 3978 651 4042 interim
682 3984 1026 4061 Artabazus,
1056 3984 1371 4043 Pharnacis
1410 3980 1734 4061 filius,rjam
1761 3991 1897 4041 ante
1939 3986 2234 4059 spectatus
2261 3982 2355 4041 vir

152 4058 303 4119 inter
329 4063 556 4128 Persas,
578 4070 638 4119 et
657 4062 881 4119 -deinde
897 4064 977 4122 'ex
996 4060 1307 4120 Plataeensi
1336 4078 1538 4139 pugna
1557 4064 1750 4137 magis
1775 4062 1950 4117 etiam
1979 4060 2351 4126 nobilitatus,

149 4156 279 4201 cum
321 4144 628 4219 sexaginta
666 4140 931 4201 militum
971 4140 1236 4201 millibus
1274 4141 1345 4201 de
1386 4160 1457 4200 eo
1504 4143 1762 4199 exercitu
1806 4156 1981 4214 quem
2005 4140 2354 4197 Mardonius
