2925 4992
521 262 647 339 sno
1082 270 1591 337 nsnono’rl
1657 268 2029 373 HisToR.
2083 259 2248 333 vni.

522 438 761 495 Graecos
804 436 1035 511 lampas
1058 434 1121 491 in
1161 434 1506 509 lampadum
1543 430 1882 499 festivitate,
1907 448 2042 508 quat
2071 434 2132 489 in
2169 428 2424 490 Vulcani
2453 433 2748 491 honorem'

521 514 865 573 celebratur.
946 514 1133 571 Hunc
1156 529 1447 588 equorum
1475 528 1710 571 cursum
1743 512 1934 569 Persae
1959 514 2254 586 angareioa
2283 520 2523 581 vocant.

600 596 697 653 99.
746 595 883 651 Jam
926 594 1191 667 superior
1237 592 1492 647 nuncius
1539 588 1656 646 ubi'
1693 593 1840 647 Susa
1888 592 2176 664 pervenit,
2228 592 2488 647 Athenas
2543 599 2750 650 tenere'

520 671 805 740 Xerxem,
833 681 1000 729 tanta
1025 671 1233 729 laetitia
1262 670 1486 737 Persas,
1517 670 1618 743 qui
1641 671 1802 725 domi
1845 678 2012 725 erant
2035 672 2242 736 relicti,
2273 672 2656 743 impleverat,
2681 680 2757 728 ut·

520 752 647 808 vias
686 768 892 809 omnes
932 759 1127 825 myrto
1154 750 1494 814 straverint,
1523 757 1583 803 et
1611 750 1784 804 thura
1823 748 2202 814 adoleverint,
2233 758 2289 805 et
2315 750 2428 823 ipsi
2457 750 2629 807 festis
2659 759 2745 807 at-

520 848 639 903 que
697 831 887 905 epulis
946 828 1303 885 celebrandis
1358 828 1634 884 dederint
1691 844 1946 900 operam.
2031 828 2322 883 Posterior
2384 837 2588 885 autem
2643 829 2747 886 ubi

520 910 825 966 emanavit
848 908 1125 973 nuncius,
1156 909 1241 963 ita
1266 924 1365 963 eos
1406 906 1824 972 consternavit,
1853 916 1923 961 ut
1961 909 2194 963 tunicas
2218 908 2420 963 cuncti
2447 907 2745 981 discerpe-

521 994 671 1055 rent,
698 997 759 1045 et
802 990 857 1043 in
886 988 1205 1043 clamorem
1232 982 1638 1059 ejulatumque
1678 993 2051 1057 erumperent
2077 986 2404 1053 infinitum,
2433 984 2744 1042 Mardoni-

520 1084 741 1140 umque
776 1079 1079 1137 tamquam
1110 1073 1409 1121 auctorem
1440 1064 1845 1119 calamitatum
1875 1073 2230 1119 accusarent.
2309 1066 2616 1122 Fecerunt
2643 1080 2744 1121 au-

520 1154 660 1203 tem
688 1146 815 1203 haec
842 1140 1075 1209 Persae,
1105 1162 1224 1200 non
1272 1146 1395 1199 tam
1440 1142 1599 1215 quod
1651 1142 1900 1201 navibus
1949 1140 2218 1199 dolerent
2261 1144 2532 1217 perditis,
2565 1161 2741 1223 quam

520 1223 679 1298 quod
692 1225 777 1281 de
816 1224 944 1297 ipso
971 1223 1168 1279 Xerxe
1208 1228 1407 1279 essent
1442 1221 1700 1277 solliciti.
1781 1222 1974 1293 Atque
2012 1222 2138 1277 haec
2173 1223 2330 1294 apud
2371 1222 2588 1279 Persas
2619 1230 2750 1278 toto

521 1299 833 1375 interjecto
858 1303 1123 1376 tempore
1144 1302 1520 1369 duraverunt,
1551 1300 1740 1355 donec
1779 1299 1914 1355 illos
1939 1299 2208 1357 Xerxes
2189 1318 2314 1374 lpse
2346 1302 2618 1358 adventu
2639 1319 2752 1358 suo

522 1382 769 1439 sedavit.
2065 1420 2074 1426 -

607 1466 737 1519 100.
775 1460 913 1517 Jam
957 1460 1331 1526 Mardonium
1371 1430 1632 1517 Xerxem
1675 1476 1750 1515 ex
1793 1476 2012 1535 pugnae
2053 1459 2278 1516 navalis
2327 1460 2497 1516 exitu
2539 1460 2744 1517 videns

520 1540 873 1614 gravissimo
899 1539 1101 1597 dolore
1128 1540 1448 1605 adfectum,
1477 1540 1920 1613 suspicatusque
1954 1538 2164 1613 fugam
2191 1539 2363 1595 illum
2393 1558 2464 1595 ex
2494 1540 2745 1595 Athenis

520 1619 813 1684 meditari,
840 1627 901 1675 et
928 1628 1203 1689 reputans
1228 1635 1427 1674 secum
1456 1618 1602 1691 ipse,
1631 1633 1830 1690 poenas
1855 1636 1916 1674 se
1939 1618 2217 1675 daturum
2245 1618 2402 1691 quod
2453 1619 2582 1694 regi
2611 1636 2738 1693 per-

520 1698 799 1755 suasisset
824 1697 1067 1753 Graeciae
1094 1696 1317 1753 bellum
1346 1696 1579 1762 inferre,
1611 1696 1939 1770 meliusque
1963 1697 2072 1753 sibi
2099 1714 2244 1759 esse,
2273 1704 2504 1753 tentata
2529 1699 2741 1753 iterum

520 1774 663 1833 belli
686 1776 929 1833 fortuna
962 1783 1063 1832 aut
1106 1792 1339 1849 prorsus
1386 1775 1680 1832 debellare
1708 1776 2017 1843 Graeciam,
2045 1783 2148 1831 aut
2193 1777 2386 1849 ipsum
2425 1776 2739 1833 honestam

520 1856 685 1911 obire
712 1864 988 1920 mortem,
1020 1862 1328 1929 postquam
1354 1867 1710 1928 magnarum
1737 1870 1936 1909 rerum
1975 1870 2081 1929 spe
2115 1854 2324 1909 fuisset
2361 1854 2594 1925 elatus,
2579 1880 2592 1893 ·
2641 1856 2744 1911 de·-

518 1931 699 2007 nique
738 1934 800 1989 in
842 1934 999 1989 hanc
1042 1941 1267 2006 partem
1310 1935 1569 1989 maxime
1609 1932 1918 2003 inclinans,
1943 1941 2015 1989 ut
2055 1933 2348 1988 Graeciam
2395 1933 2733 2009 subigeret:

519 2012 667 2078 haec,
702 2014 967 2085 inquam,
994 2028 1197 2067 secum
1232 2021 1538 2091 reputans,
1581 2011 1685 2066 tali
1725 2012 1988 2068 oratione
2021 2028 2222 2085 regem
2259 2020 2352 2067 est
2385 2012 2734 2069 adlocutus:

521 2090 875 2156 “Domine,
902 2108 975 2145 ne
1002 2089 1241 2145 moerori
1269 2076 1600 2163 indulgeas,
1633 2106 1822 2163 neque
1867 2090 2120 2146 nimium
2149 2108 2224 2145 ex
2247 2108 2318 2145 eo
2345 2092 2505 2163 quod
2541 2089 2746 2148 accidit

521 2176 567 2203 “
598 2170 793 2243 capias
820 2168 1118 2225 dolorem!
1164 2166 1305 2222 Non
1350 2169 1508 2224 enim
1559 2167 1860 2243 lignorum
1903 2178 2198 2225 certamen
2229 2169 2301 2223 ad
2351 2168 2492 2225 belli
2517 2171 2736 2227 exitum

546 2248 767 2306 ‘nobis
815 2249 1141 2305 maximum
1186 2246 1415 2303 confert
1440 2255 1835 2313 momentum,
1881 2249 2062 2303 sedv
2027 2248 2286 2303 virorum
2333 2265 2744 2322 equorumque·

521 2327 563 2359 “
591 2334 905 2385 certamen.
986 2326 1123 2383 Tibi
1149 2343 1287 2381 vero
1313 2342 1510 2391 nemo,
1537 2344 1728 2401 neque
1767 2344 1838 2381 ex
1881 2327 1972 2383 his
1985 2328 2098 2401 qui
2128 2344 2282 2383 nunc
2307 2328 2514 2383 omnia
2541 2328 2734 2387 confe-

522 2412 565 2437 “
592 2406 737 2463 cisse
764 2406 873 2462 tibi
916 2404 1207 2470 videntur,
1238 2405 1616 2461 exscensione
1640 2423 1673 2460 e
1701 2406 1948 2461 navibus
1997 2406 2152 2462 facta
2192 2407 2458 2462 resistere
2499 2406 2732 2462 conabi-

549 2489 711 2551 ‘,tur
740 2501 932 2558 neque
978 2502 1053 2540 ex
1096 2484 1231 2541 hac
1243 2484 1582 2539 continente
1625 2484 1974 2557 quisquam.
2018 2492 2098 2551 et,
2127 2486 2230 2558 qui
2257 2494 2462 2540 contra
2487 2504 2600 2541 nos
2625 2494 2738 2541 ste-

547 2569 811 2628 ‘terunt,
843 2564 901 2619 hi
947 2580 1151 2635 poenas
1194 2562 1421 2618 dedere.
1507 2562 1566 2618 Si
1611 2564 1795 2641 igitur
1840 2563 1948 2618 tibi
1984 2563 2233 2630 videtur,
2261 2564 2531 2637 protinus
2579 2563 2736 2619 Peio-

520 2647 929 2715 “ponnesum
980 2637 1429 2715 adgrediamur:
1478 2642 1568 2697 sin
1607 2642 1668 2696 in
1704 2642 2013 2715 praesentia
2062 2644 2332 2699 omittere
2373 2643 2488 2698 hoc
2531 2644 2735 2717 placet,

478 2766 482 2771 .
519 2726 560 2753 “
588 2720 935 2777 omittamus
959 2719 1115 2775 licet.
1197 2718 1324 2777 Nec
1352 2738 1490 2775 vero
1517 2720 1877 2813 despondeas
1905 2720 2208 2777 animum!
2261 2738 2366 2776 nec
2409 2723 2576 2777 enim
2617 2720 2736 2778 ullo

490 2866 497 2873 ‚
545 2798 771 2855 ‘modo
798 2798 1057 2873 effugere
1082 2797 1274 2854 Graeci
1301 2806 1570 2871 possunt,
1599 2800 1742 2872 quin
1795 2800 2083 2855 rationem
2131 2798 2304 2855 nobis
2349 2818 2586 2867 eorum,
2616 2816 2738 2874 quae

522 2882 565 2909 “
594 2889 654 2933 et
682 2894 843 2933 nunc
870 2885 929 2934 et
954 2885 1125 2933 antea
1150 2886 1484 2951 patrarunt,
1517 2876 1780 2943 reddant,
1809 2890 1868 2934 et
1896 2878 2046 2935 servi
2076 2878 2218 2934 fiant
2245 2878 2348 2935 tui.
2413 2878 2612 2953 igitur
2637 2880 2740 2935 hoc

520 2962 564 2989 “
594 2958 831 3031 quidem
864 2958 1119 3013 maxime
1149 2956 1458 3030 agendum.
1541 2958 1717 3017 Quod
1763 2956 1810 3013 si
1851 2974 1991 3013 vero
2032 2956 2170 3012 hinc
2197 2958 2322 3030 ipse
2347 2957 2662 3014 abscedere
2686 2966 2738 3013 et

521 3042 565 3068 “
594 3036 880 3092 abducere
925 3036 1248 3091 exercitum
1302 3035 1658 3101 decreveris,
1707 3035 1861 3091 aliud
1916 3043 2148 3109 quoque
2195 3036 2382 3091 babeo
2427 3045 2564 3111 post
2618 3038 2740 3093 haec

522 3119 565 3147 “
593 3116 929 3171 consilium.
1008 3114 1126 3179 Tu,
1154 3113 1307 3179 Rex,
1337 3132 1409 3169 ne
1430 3112 1738 3170 committe
1757 3122 1825 3170 ut
1849 3114 2072 3171 Graecis
2095 3114 2349 3171 ludibrio
2377 3114 2502 3171 sint
2531 3117 2737 3172 Persae.

518 3200 559 3225 ‘⁸
594 3192 665 3249 In
696 3193 887 3251 Persis
927 3194 1084 3249 enim
1126 3194 1247 3249 tuis
1288 3193 1433 3248 nihil
1479 3193 1814 3249 detrimenti
1858 3210 1946 3250 res
1989 3201 2110 3249 tuae
2151 3201 2524 3267 acceperunt,
2559 3212 2736 3269 neque

519 3279 657 3328 “tu
700 3272 859 3328 dices
900 3290 1017 3345 quo
1061 3271 1191 3326 loco
1240 3289 1275 3325 a
1320 3270 1490 3327 nobis
1537 3288 1626 3327 res
1669 3273 1824 3327 male
1851 3277 2020 3348 gesta
2047 3270 2138 3329 sit.
2217 3273 2320 3328 Sin
2349 3272 2655 3329 Phoenices
2682 3280 2734 3328 et

441 3350 451 3355 “
506 3358 559 3383 ⁴‘
592 3351 861 3426 AEgyptii
892 3361 951 3405 et
976 3349 1179 3423 Cyprii
1220 3359 1279 3405 et
1308 3350 1518 3407 Cilices
1561 3350 1716 3407 male
1751 3357 2109 3427 pugnarunt,
2141 3350 2293 3405 nihil
2335 3350 2410 3406 ad
2461 3370 2574 3407 nos
2617 3352 2734 3408 haec

518 3429 781 3485 “clades
810 3430 1081 3503 pertinet.
1161 3428 1341 3485 Nunc
1364 3429 1568 3504 igitur,
1597 3446 1782 3501 quum
1815 3448 1934 3487 non
1959 3430 2036 3486 sit
2063 3430 2220 3503 quod
2269 3429 2474 3487 Persas
2507 3430 2732 3505 culpes,

517 3498 742 3565 “mihi
783 3526 1007 3563 morem
1033 3525 1196 3601 ogere.
1280 3508 1339 3563 si
1376 3508 1487 3564 tibi
1527 3509 1916 3565 constitutum
1958 3516 2046 3565 est
2087 3509 2184 3563 hic
2221 3524 2347 3563 non
2389 3526 2650 3577 manere,
2676 3518 2736 3565 tu

517 3587 819 3661 “quidem
850 3596 981 3643 tuas
1030 3587 1091 3641 'm
1143 3585 1307 3643 sedes
1350 3587 1602 3651 diseede,
1633 3582 1920 3657 majorem
1961 3588 2256 3643 exercitus
2287 3596 2515 3659 partem
2543 3596 2732 3645 tecum

517 3672 564 3699 “
593 3666 927 3724 abducens:
974 3675 1034 3721 at
1080 3683 1177 3723 me
1204 3674 1436 3739 oportet
1479 3666 1588 3721 tibi
1615 3666 1906 3723 Graeciam
1949 3668 2011 3725 in
2057 3666 2400 3723 servitutem
2445 3666 2730 3723 redactam

514 3751 557 3777 “
585 3746 833 3808 tradere,
856 3750 1171 3819 postquam
1200 3744 1273 3800 de
1300 3745 1555 3800 exercitu
1576 3752 1839 3802 trecenta
1856 3744 2163 3802 hominum
2183 3744 2373 3801 millia
2397 3745 2728 3821 delegere.’'

594 3830 727 3881 101.
769 3826 1002 3886 Quibus
1036 3823 1247 3879 auditis
1274 3822 1520 3889 XerxeS,
1551 3833 1617 3879 ut
1645 3834 1780 3896 post
1805 3825 1985 3890 mala,
2015 3824 2258 3899 gavisus
2297 3824 2730 3897 delectatusque

516 3910 624 3969 est,
652 3901 1087 3976 Mardonioque
1112 3902 1213 3967 ait,
1244 3920 1299 3957 se
1324 3906 1393 3973 ei,
1423 3908 1709 3975 postquam
1751 3904 2152 3969 deliberaverit,
2179 3920 2564 3976 responsurum
2605 3919 2728 3965 esse,

515 3990 701 4037 utrum
728 4000 793 4037 ex
815 3982 921 4048 his,
949 3998 1067 4055 quae
1092 3981 1161 4037 ab
1186 3981 1285 4036 illo
1307 3986 1590 4054 proposita
1617 3983 1766 4049 sient,
1779 3980 2044 4057 facturus
2069 3984 2160 4037 sit.
2241 3982 2568 4055 Postquam
2595 3996 2726 4038 vero

516 4078 653 4117 cum
685 4060 873 4118 Persis
897 4062 959 4117 in
988 4059 1302 4119 consilium
1326 4060 1591 4117 adhiberi
1615 4061 1802 4125 solitis
1827 4060 2211 4127 consultavit,
2241 4061 2464 4133 placuit
2491 4060 2548 4117 ei
2573 4060 2730 4117 Arte-

514 4140 746 4199 misiam
770 4156 1007 4216 quoque
1050 4139 1111 4197 in
1154 4139 1472 4197 consilium
1503 4156 1734 4209 vocare,
1764 4141 1982 4218 quippe
2009 4156 2144 4216 quae
2169 4140 2348 4198 etiam
2373 4146 2550 4197 antea
2576 4156 2726 4197 eom·
