2925 4992
246 2843 351 2979 ἦ.

530 312 651 367 382
1054 304 1552 395 HERODOTI
1615 302 1980 364 HISTOR.
2035 304 2203 365 VIII.

534 475 575 500 ·‘
606 467 723 525 tuis
748 466 921 525 rebus
948 467 1203 525 maxime
1226 464 1496 522 conferre
1520 480 1744 523 censeo.
1807 464 1988 537 Atqui
2013 463 2128 521 hoc
2153 463 2324 522 dico:
2373 482 2546 540 parce
2571 469 2744 539 nayi-

534 553 578 579 “
608 546 737 613 bus,
766 564 873 603 nec
898 546 1169 620 praelium
1196 544 1407 603 navale
1432 544 1752 601 committe.
1831 543 1920 600 Hi
1945 544 2108 601 enim
2131 544 2244 601 viri
2281 546 2404 601 tuis
2429 547 2572 603 viris
2593 549 2744 605 mari

533 633 575 658 “
602 634 767 685 tanto
794 633 933 682 sunt
959 624 1307 698 superiores,
1334 629 1559 696 quanto
1600 618 1944 679 mulieribus
1973 622 2096 677 viri.
2178 622 2337 685 Quid
2377 634 2584 683 autem
2607 644 2741 683 om-

533 712 579 736 “
606 704 745 761 nino
772 720 1007 760 necesse
1030 709 1119 759 est
1145 709 1214 758 ut
1242 698 1468 759 navalis
1493 719 1714 777 pugnae
1737 700 1910 759 adeas
1934 700 2287 769 discrimen?
2320 702 2539 761 Annon
2566 704 2743 762 Athe-

528 789 572 815 “
600 800 705 839 nas
734 790 919 849 tenes,
946 798 1197 855 quarum
1238 798 1445 837 caussa
1485 780 1640 837 hanc
1677 779 1982 853 suscepisti
2023 779 2497 852 expeditionem?
2545 782 2744 840 Immo

531 868 574 894 “
606 861 889 935 reliquam
936 860 1115 917 etiam
1160 859 1450 915 Graeciam
1498 866 1692 915 tenes:
1739 875 1928 933 neque
1975 859 2282 932 quisquam
2332 860 2446 916 tibi
2485 862 2741 919 resistit:

531 947 575 973 “
607 957 767 1005 nam,
792 938 893 1014 qui
928 939 1122 996 adhuc
1163 937 1526 1003 restiterunt,
1557 938 1618 993 hi
1657 938 1738 993 ita
1779 938 2002 1010 accepti
2041 947 2178 993 sunt
2215 948 2284 994 ut
2321 956 2744 997 commeruere.

528 1024 575 1053 “
604 1023 699 1075 68.
725 1022 781 1075 2.
823 1020 1019 1080 Quem
1047 1034 1187 1073 vero
1222 1017 1443 1073 exitum
1489 1015 1792 1073 habituras
1831 1032 1958 1073 esse
1995 1023 2200 1089 putem
2239 1026 2332 1073 res
2375 1018 2744 1075 adversario-

530 1103 575 1131 “
603 1116 757 1163 rum,
786 1096 995 1155 dicam.
1060 1092 1134 1161 ,Si
1174 1104 1242 1153 tu
1290 1112 1407 1155 non
1448 1093 1846 1168 properaveris
1893 1094 2168 1151 navalem
2218 1094 2409 1152 facere
2450 1114 2741 1172 pugnam,
2821 1092 2835 1105 ‘

530 1183 575 1209 “
606 1175 707 1233 sed
734 1175 831 1231 hic
856 1192 1099 1233 manens
1126 1174 1205 1229 ad
1228 1182 1439 1231 terram
1466 1173 1818 1246 adplicueris
1847 1190 2050 1239 naves,
2075 1182 2177 1229 aut
2203 1174 2254 1229 si
2281 1175 2340 1230 in
2371 1175 2742 1249 Peloponne-

528 1261 577 1287 “
600 1271 737 1313 sum
762 1254 941 1311 etiam
984 1249 1405 1329 progredieris3
1450 1252 1622 1309 facile
1663 1252 1790 1316 tibi,
1820 1251 2104 1317 Domine,
2129 1253 2442 1309 succedent
2481 1272 2555 1311 ea
2589 1272 2742 1329 quo-

527 1340 573 1367 “
600 1350 735 1389 rum
774 1349 981 1389 caussa
1020 1332 1133 1389 huc
1160 1331 1389 1388 venisti.
1469 1331 1598 1387 Nec
1644 1330 1806 1387 enim
1850 1330 1950 1387 diu
1993 1330 2102 1387 tibi
2149 1332 2413 1389 resistere
2457 1342 2744 1407 poterunt

527 1419 569 1446 “
599 1412 814 1478 Graeci,
844 1410 947 1467 sed
984 1410 1285 1485 disperges
1312 1427 1437 1475 eos,
1464 1409 1612 1465 etin
1651 1424 1786 1467 suas
1817 1408 2034 1484 quique
2071 1410 2336 1467 civitates
2377 1411 2745 1486 profugient.

527 1497 571 1523 “
599 1490 729 1547 Nec
764 1488 927 1547 enim
968 1497 1331 1547 commeatus
1372 1487 1512 1554 illis,
1539 1497 1609 1545 ut
1635 1506 1748 1565 ego
1781 1487 1972 1557 audin,
2001 1488 2062 1543 in
2105 1489 2213 1548 hac
2256 1489 2454 1545 insula
2495 1500 2740 1564 paratus

527 1576 575 1602 “
604 1568 811 1627 adest:
856 1586 963 1625 nec
1008 1567 1323 1625 verisimile
1352 1575 1462 1632 est,
1493 1566 1542 1623 si
1581 1575 1649 1623 tu
1687 1566 1965 1623 adversus
1991 1566 2464 1641 Peloponnesum
2503 1569 2743 1627 duxeris

527 1655 571 1681 “
600 1646 928 1722 pedestrem
970 1646 1319 1713 exercitum,
1352 1646 1700 1718 tranquillos
1735 1645 1832 1701 hic
1871 1662 2184 1703 mansuros
2225 1646 2332 1703 hos
2371 1648 2475 1721 qui
2517 1665 2592 1705 ex
2637 1648 2744 1705 illa

527 1733 572 1758 “
606 1726 842 1801 regione
870 1732 1199 1791 venerunt3
1250 1742 1357 1781 nec
1393 1724 1512 1779 illis
1553 1741 1708 1781 curae
1747 1724 1860 1779 erit
1899 1739 2004 1797 pro
2031 1725 2490 1783 Atheniensibus
2529 1728 2740 1785 discri-

534 1814 576 1837 ⁸‘
606 1824 745 1861 men
796 1804 1019 1861 navalis
1066 1803 1251 1877 proelii
1290 1803 1465 1859 adire.
1547 1806 1644 1858 68.
1671 1806 1732 1857 3.
1770 1803 1902 1865 Sin,·
1921 1803 2187 1876 protinus
2234 1804 2503 1876 praelium
2545 1806 2744 1865 faeere

526 1891 569 1917 “
600 1883 1005 1949 maturaveris,
1031 1900 1235 1939 vereor
1260 1900 1335 1939 ne
1366 1882 1588 1937 navalis
1627 1881 1917 1937 exercitus
1959 1881 2114 1937 male
2154 1891 2454 1956 acceptus,
2482 1884 2744 1957 pedestri

526 1970 567 2012 ἕ*
596 1979 833 2035 quoque
869 1960 1265 2017 calamitatem
1295 1961 1367 2017 sit
1390 1961 1711 2017 adlaturus.
1787 1958 1878 2017 Ad
1917 1959 2066 2029 haec,
2091 1959 2246 2027 Rex,
2277 1962 2390 2017 hoc
2429 1963 2614 2019 etiam
2641 1982 2744 2021 co-

525 2048 566 2072 “
594 2041 747 2114 gites
775 2038 975 2105 velim,
993 2037 1167 2095 bonis
1186 2038 1327 2094 viris
1353 2056 1552 2095 servos
1575 2038 1762 2095 solere
1785 2054 1911 2095 esse
1939 2038 2148 2104 malos,
2167 2040 2338 2097 malis
2361 2058 2504 2097 vero
2534 2040 2744 2105 bonos.

524 2126 566 2151 “
596 2118 774 2195 Atqui
802 2116 931 2182 tibi,
962 2115 1091 2173 viro
1116 2117 1385 2173 omnium
1406 2117 1656 2191 optimc,
1681 2116 1824 2173 mali
1851 2117 2004 2173 servi
2027 2135 2138 2173 sun
2149 2126 2194 2185 t,
2225 2119 2287 2175 hi
2326 2119 2429 2191 qui
2456 2120 2518 2175 in
2542 2122 2739 2177 so‘cio-

525 2202 569 2230 “
596 2208 730 2253 rum
760 2212 1007 2253 numero
1036 2195 1310 2253 dicuntur
1334 2214 1482 2262 esse,
1511 2212 1728 2268 nempe
1753 2194 2047 2271 AEgyptii,
2075 2205 2134 2253 et
2163 2198 2389 2271 Cyprii,
2415 2204 2476 2253 et
2503 2198 2740 2269 Cilices,

524 2284 567 2309 “
598 2284 657 2331 et
686 2272 1013 2348 Pamphyli,
1046 2275 1287 2333 inutiles
1312 2274 1632 2332 homines.’'

601 2360 697 2413 69.
739 2354 889 2409 Haec
917 2353 1019 2410 ubi
1046 2354 1355 2411 Artemisia
1376 2352 1696 2409 Mardonio
1723 2350 1890 2419 dixit,
1917 2354 2275 2429 quicumque
2316 2357 2542 2431 reginae
2567 2357 2739 2417 fave·-

520 2432 693 2501 bant‚
718 2432 999 2490 dolebant
1026 2450 1157 2489 eam
1186 2432 1300 2487 ista
1333 2432 1616 2496 locutam,
1646 2440 1912 2489 verentes
1943 2451 2018 2489 ne
2045 2433 2272 2496 malum
2297 2436 2596 2509 quoddam
2625 2438 2682 2495 ei
2705 2458 2744 2495 a

520 2527 661 2589 rege
684 2510 1047 2578 immineret,
1074 2510 1231 2586 quod
1264 2510 1433 2567 illum
1460 2511 1739 2567 vetuisset
1767 2510 2034 2569 navalem
2063 2528 2332 2587 pugnam
2359 2514 2590 2571 facere:
2635 2520 2740 2590 qui

518 2608 663 2647 vero
685 2589 1025 2648 invidebant
1051 2592 1105 2646 ei
1131 2589 1403 2662 maleque
1428 2589 1766 2663 cupiebant,
1792 2598 1862 2645 ut
1887 2607 2021 2663 quae
2047 2607 2168 2664 prae
2197 2591 2434 2665 reliquis
2461 2590 2742 2653 omnibus

518 2668 694 2727 sociis
740 2669 803 2725 in
854 2667 1074 2724 honore
1116 2676 1271 2725 esset
1316 2667 1474 2741 apud
1529 2685 1750 2743 regem,
1787 2664 2012 2738 judicio
2059 2669 2218 2725 illius
2267 2671 2738 2742 delectabantur,

518 2748 738 2821 quippe
765 2744 1008 2802 exitium
1034 2746 1086 2802 ei
1114 2746 1398 2803 adlaturo.
1479 2746 1555 2803 At
1579 2755 1646 2803 ut
1673 2746 1746 2802 ad
1771 2746 2034 2804 Xerxem
2073 2748 2273 2805 relatae
2311 2757 2454 2807 sunt
2493 2761 2737 2811 senten-

517 2824 639 2891 tiae,
667 2824 985 2883 admodum
1026 2825 1267 2899 gavisus
1300 2833 1391 2881 est
1430 2824 1588 2881 illius
1621 2820 1883 2895 judicio:
1925 2834 2005 2893 et,
2032 2844 2216 2900 quum
2246 2822 2374 2898 jam
2405 2838 2583 2887 antea
2611 2834 2736 2889 exi-

584 2904 703 2961 iam
745 2920 871 2963 esse
910 2902 1217 2961 mulierem
1252 2898 1595 2974 judicasset,
1627 2920 1784 2961 nunc
1825 2904 2003 2963 etiam
2045 2905 2238 2981 magis
2277 2924 2412 2965 eam
2453 2908 2740 2968 laudavit.

518 2986 569 3043 A
601 2990 797 3040 tamen
836 2982 939 3039 hac
976 2984 1035 3039 in
1075 3000 1136 3039 re
1171 2982 1443 3055 pluribus,
1473 2983 1576 3049 ait,
1603 3000 1711 3037 esse
1748 2985 2088 3055 parendum3
2133 2991 2294 3041 ratus
2333 2986 2406 3042 ad
2437 2986 2736 3047 Euboeam

518 3069 731 3137 sponte
755 3078 893 3121 suos
919 3078 1041 3118 rem
1069 3060 1223 3119 male
1248 3061 1519 3137 gessisse,
1537 3056 1823 3136 quoniam
1844 3062 1966 3136 ipse
1991 3062 2313 3121 abfuisset:
2343 3082 2504 3123 nune
2519 3078 2736 3131 ,autem

520 3142 903 3212 constituerat
930 3141 947 3195 i
953 3157 1055 3216 pse
1079 3148 1342 3215 spectare
1366 3147 1724 3217 pugnantes.
2549 3208 2556 3213 β

601 3223 701 3277 70.
744 3220 1064 3295 Postquam
1109 3218 1465 3293 enavigandi
1503 3219 1741 3294 signum
1779 3219 1986 3275 datum
2027 3225 2135 3286 est,
2171 3219 2508 3279 eduxerunt
2551 3242 2733 3300 naves

516 3298 875 3359 Salaminem
899 3312 1121 3363 versus,
1150 3306 1209 3353 et
1236 3314 1338 3371 per
1364 3298 1552 3355 otium
1580 3297 1990 3371 explicuerunt
2029 3298 2233 3355 aciem.
2316 3300 2396 3355 At
2437 3311 2580 3360 tunc
2605 3307 2732 3379 qui-

518 3380 659 3437 dem
687 3393 809 3433 non
838 3375 1063 3433 suffecit
1089 3376 1237 3443 dies„
1270 3384 1332 3432 ut
1358 3376 1823 3435 committeretur
1849 3376 2156 3450 praelium:
2190 3394 2313 3436 nox
2337 3379 2502 3437 enim
2531 3400 2732 3457 super..

518 3457 715 3527 venit3
745 3464 803 3513 et
818 3455 905 3512 illi
928 3454 989 3511 in
1007 3462 1305 3529 posterum
1326 3452 1483 3514 diem
1499 3472 1625 3511 sese
1647 3454 2086 3531 comparabant.
2127 3454 2364 3513 Graecos
2381 3477 2524 3516 vero
2544 3471 2731 3520 metus

516 3534 759 3595 incessit
800 3540 861 3591 et
900 3533 1231 3609 trepidatio,
1274 3533 1594 3606 praesertim
1635 3551 1774 3591 vero
1819 3534 2314 3607 Peloponnesios:
2355 3540 2731 3613 angebantur

508 3616 759 3693 quippe,
786 3612 943 3687 quod
983 3612 1055 3669 ad
1078 3610 1439 3669 Salaminem
1481 3612 1796 3669 residentes
1837 3630 1946 3685 pro
1979 3612 2415 3673 Atheniensium
2451 3626 2613 3677 terra
2635 3638 2724 3677 es-

517 3704 655 3753 sent
680 3691 1049 3761 dimicaturi;
1094 3690 1193 3747 ubi
1224 3692 1275 3747 si
1298 3690 1441 3747 victi
1481 3700 1698 3757 essent,
1724 3692 1784 3747 in
1810 3689 2006 3749 insula
2042 3686 2347 3751 interclusi
2387 3696 2724 3757 obsideren-

516 3786 643 3844 tur,
670 3790 777 3831 sua
802 3779 963 3828 terra
982 3770 1110 3827 sine
1134 3768 1405 3843 praesidio
1432 3769 1651 3825 relicta.

594 3853 697 3916 71.
738 3849 863 3907 Sub
888 3848 1153 3907 eamdem
1185 3856 1417 3905 noctem
1458 3847 1738 3922 pedestris
1765 3846 2163 3907 Barbarorum
2203 3854 2494 3911 exercitus
2523 3856 2720 3913 adver-

516 3950 619 3989 sus
643 3924 1122 4003 Peloponnesum
1163 3925 1458 4000 profectus
1489 3933 1611 3995 est;
1657 3943 2014 4000 quamquam
2053 3944 2442 4006 quaecumque
2481 3936 2717 4009 excogi-

513 4011 629 4070 tari
654 4015 977 4081 potuerunt
999 4004 1205 4061 effecta
1228 4010 1396 4063 erant
1417 4022 1492 4061 ne
1511 4022 1546 4061 a
1565 4006 1908 4063 continente
1933 4006 1995 4062 in
2015 4006 2489 4080 Peloponnesum
2509 4013 2717 4071 irrum-

516 4084 653 4165 pe're
680 4084 919 4143 Barbari
952 4091 1205 4159 possent.
1286 4082 1655 4157 Simulatque
1694 4083 1856 4141 enim
1893 4094 2294 4161 cognoverant
2320 4084 2716 4165 Peloponnesii

514 4167 739 4237 abiisse
755 4160 1087 4226 Leonidam
1118 4161 1189 4221 ad
1214 4156 1662 4238 Thermopylas,
1691 4179 1976 4241 concursu
2005 4182 2081 4223 ex
2103 4164 2335 4239 oppidis
2375 4167 2538 4227 facto
2567 4170 2711 4229 Isth-

956 4520 1067 4617 δ

2923 2168 2925 2187 4

2923 2222 2925 2245 l
