2925 4992
544 302 623 357 98
1102 295 1600 361 HERODO'H
1661 292 2030 360 HISTOR.
2092 294 2176 355 11.

544 458 684 517 dam
728 476 789 517 se
839 458 1035 516 moliri
1082 458 1394 525 dicentem,
1434 456 1632 515 animo
1683 461 1884 541 autem
1923 453 2082 513 aliud
2127 452 2516 531 cogitantem.
2597 452 2758 513 Tum

542 530 969 613 AEgyptiorum
1013 554 1305 613 magnum
1354 552 1692 601 numerum,
1747 532 1896 608 quos
1947 533 2122 591 caedis
2175 533 2435 591 maxime
2481 541 2759 593 auctores

544 616 731 673 fuisse
772 623 1032 683 noverat,
1062 617 1137 672 ad
1176 633 1403 672 coeuam
1438 620 1702 681 vocatoS,
1741 613 1920 688 epulo
1957 612 2180 669 ibidem
2217 612 2566 685 excepisse?
2605 613 2762 669 inter

546 696 899 753 coenandum
926 712 1065 751 vcro
1092 688 1380 751 fluvium
1366 712 1431 749 ιιι
1452 692 1768 750 conclave
1752 690 2066 749 immisisse
2089 708 2194 764 per
2213 690 2554 747 occultum
2539 707 2759 767 mgen-

546 783 671 833 tem
712 774 990 831 canalem.
1069 772 1165 829 De
1203 772 1315 829 hac
1354 769 1544 847 igitur
1581 771 1706 828 haec
1745 778 2168 836 memorarunt,
2193 769 2354 827 istud
2389 765 2766 839 adjicientes,

547 859 685 939 post
712 853 769 909 id
796 852 1029 909 factum
1048 852 1317 939 regin-am
1360 868 1423 907 se
1463 851 1653 924 ipsam
1701 850 1764 907 in
1799 848 2081 905 conclave
2121 846 2410 905 cineribus
2461 848 2766 922 repletum

551 926 895 1003 conjecisse,
923 946 1040 1003 quo
1066 926 1386 987 vindictam
1412 928 1714 1003 effugeret.

636 1014 765 1067 101.
808 1009 1190 1081 Reliquorum
1214 1025 1423 1100 regum
1448 1008 1680 1065 nullum
1720 1003 1818 1063 vel
1855 1022 2006 1079 opus
2044 988 2426 1063 memorabile
2452 1003 2764 1077 reliquisse

551 1088 848 1155 dixerunt,
878 1087 973 1143 vel
1013 1105 1073 1143 re
1118 1086 1241 1143 ulla
1279 1084 1572 1161 insignem
1613 1085 1817 1152 fuisse,
1857 1091 2068 1156 praeter
2111 1092 2479 1157 postremum
2527 1099 2766 1151 eorum,

552 1168 773 1225 Moerin.
870 1166 1055 1222 Hunc
1092 1165 1502 1223 memorabilia
1539 1163 1786 1221 edidisse
1823 1180 2026 1235 opera,
2067 1162 2362 1238 propylaea
2399 1160 2486 1217 ad
2502 1160 2764 1219 Vulcani

551 1246 868 1320 templum,
922 1244 1387 1318 septentrionem
1448 1242 1812 1315 spectantia·
1796 1278 1820 1311 r
1883 1240 2198 1315 lacumque
2246 1239 2534 1307 effodisse,
2591 1234 2768 1311 cujus

554 1332 807 1401 quantus
848 1324 922 1379 sit
972 1322 1271 1389 circuitus,
1316 1320 1524 1379 deinde
1564 1335 1887 1394 exponam·
1873 1360 1890 1388 ,
1933 1319 2379 1393 pyramidesque
2417 1314 2482 1373 in
2527 1336 2602 1373 eo
2657 1336 2764 1377 ex-

552 1403 855 1469 struxisse,
900 1418 1153 1478 quarum
1194 1402 1265 1458 de
1316 1397 1728 1491 magnitudine
1777 1398 1954 1454 simul
2003 1415 2142 1453 cum
2187 1399 2314 1471 ipso
2359 1397 2492 1453 lacu
2541 1395 2770 1457 faniam

553 1482 937 1541 mentionem.
1018 1479 1199 1537 Hunc
1237 1479 1422 1554 igitur
1458 1478 1582 1535 ista
1611 1476 1862 1535 edidisse
1901 1492 2111 1550 opera·
2093 1514 2122 1548 5
2159 1477 2520 1551 reliquorum
2555 1484 2764 1535 autem

558 1562 791 1619 nullum
814 1558 1155 1632 quidquam.

638 1643 772 1697 102.
813 1638 1005 1713 Igitur
1048 1638 1156 1693 hos
1201 1638 1504 1706 omittens,
1531 1636 1718 1697 alium
1762 1637 2130 1707 memorabo,
2172 1637 2274 1713 qui
2316 1644 2452 1711 post
2487 1629 2624 1695 illos
2665 1654 2766 1695 re-

556 1736 642 1795 gn
604 1719 787 1783 navit,
816 1718 915 1773 cui
944 1733 1161 1773 nomen
1190 1717 1447 1773 Sesostris
1477 1718 1607 1773 fuit.
1689 1716 1866 1775 Hunc
1905 1718 2100 1775 dixere
2139 1718 2468 1775 sacerdotes
2495 1718 2764 1789 primum

558 1798 809 1855 navibus
833 1796 1025 1870 longis
1052 1812 1127 1851 ex
1152 1794 1397 1852 Arabico
1436 1796 1590 1853 sinu
1611 1795 1969 1869 profectum,
1993 1794 2226 1853 adcolas
2264 1794 2554 1869 Erythraei
2581 1796 2766 1851 maris

556 1876 897 1949 subegisse3
944 1875 1155 1939 donec,
1200 1891 1385 1947 quum
1418 1873 1663 1929 ulterius
1697 1882 1852 1932 esset
1890 1874 2293 1949 navigaturuS,
2321 1874 2382 1929 in
2422 1890 2586 1931 mare
2631 1891 2768 1947 per-

558 1955 815 2029 venisset
843 1952 1001 2026 quod
1026 1960 1263 2025 propter
1290 1952 1488 2009 brevia
1515 1969 1635 2009 non
1663 1953 1916 2027 amplius
1951 1953 2208 2027 potuerit
2233 1952 2526 2027 navigari.
2611 1951 2769 2009 lude

560 2034 622 2089 in
649 2028 979 2106 AEgyptum
1004 2048 1285 2097 reversus,
1315 2036 1383 2087 ut
1413 2037 1654 2086 narrant
1693 2031 2038 2099 sacerdotes,
2066 2033 2364 2106 ingentem
2389 2037 2769 2089 contractum

562 2110 883 2168 exercitum
933 2127 1036 2181 per
1074 2109 1470 2165 continentem
1521 2108 1707 2176 duxit,
1759 2126 2080 2184 omnesque
2125 2116 2286 2183 quos'
2317 2108 2461 2165 adiit
2510 2109 2770 2183 populos

560 2189 741 2247 armis
769 2187 1033 2263 subegit..
1089 2187 1265 2249 Quod
1288 2187 1341 2251 si
1366 2204 1514 2261 quos
1539 2186 1878 2245 offendisset
1899 2188 2079 2245 fortes
2109 2187 2375 2262 populos,
2393 2196 2452 2243 et
2473 2188 2772 2245 libertatis

560 2268 937 2325 vehementer
960 2265 1275 2333 studiosos,
1302 2266 1365 2321 in
1390 2267 1602 2323 horum
1642 2267 1808 2323 terris
1847 2267 2156 2326 columnas
2195 2266 2486 2342 erigebat,
2508 2264 2768 2339 quarum
2801 2326 2808 2333 ,

563 2347 869 2420 inscriptio
894 2345 1223 2401 declarabat
1248 2362 1435 2418 quum
1462 2345 1618 2419 regis
1647 2362 1860 2403 nomen
1899 2354 2076 2421 atque
2103 2346 2380 2419 patriam,
2408 2353 2538 2403 tum
2563 2346 2680 2402 hos
2704 2347 2770 2403 vi

558 2427 682 2485 ab
668 2442 795 2500 ipso
820 2442 948 2481 esse
972 2423 1261 2481 subactos.
1338 2423 1612 2487 Quorum
1638 2441 1776 2481 vero
1801 2425 2019 2498 oppida
2039 2424 2184 2485 citra
2220 2441 2484 2498 pugnam
2507 2431 2567 2479 et
2591 2422 2772 2483 facile

563 2506 833 2578 cepisset,
858 2504 921 2559 in
953 2502 1166 2559 horum
1208 2502 1502 2561 columnis
1544 2502 1752 2559 eadem
1793 2503 2054 2577 quidem,
2082 2521 2217 2577 quae
2241 2503 2304 2559 in
2329 2502 2575 2559 fortium
2604 2502 2768 2559 viro·

564 2599 699 2641 rum
739 2580 1047 2647 columnis,
1087 2580 1473 2651 inscribebat,
1515 2572 1756 2654 insuper
1794 2599 1935 2642 vero
1986 2582 2262 2655 pudenda
2297 2580 2552 2655 insculpi
2587 2575 2776 2651 jussit

564 2660 898 2739 muliebria,
926 2659 1133 2715 molles
1159 2677 1261 2715 eos
1286 2676 1413 2715 esse
1438 2666 1616 2732 atque
1640 2660 1888 2751 ignavos
1913 2660 2268 2735 significans.

652 2744 781 2795 103.
820 2738 969 2794 Haec
1012 2739 1195 2813 igitur
1249 2736 1476 2793 faciens
1521 2738 1924 2795 continentem
1964 2740 2136 2807 obiit,
2179 2738 2364 2796 donec
2407 2756 2486 2794 ex.
2521 2737 2668 2795 Asia
2705 2740 2772 2796 in

565 2816 873 2891 Europam·
893 2824 1310 2908 transgressus,
1352 2814 1594 2889 Scythas
1633 2816 1872 2890 subegit
1911 2825 1972 2873 et
2009 2819 2282 2874 Thraces.
2360 2817 2470 2883 Hi,
2505 2824 2574 2873 ut
2613 2819 2768 2875 mihi

568 2896 820 2961 videtur,
858 2895 1104 2951 extremi
1140 2890 1398 2961 fuerunt,
1438 2895 1514 2952 ad
1543 2911 1706 2987 quos
1745 2897 2070 2969 pervenerit
2095 2894 2409 2973 AEgyptius
2435 2896 2768 2953 exercitiis.

568 2991 707 3033 nam
750 2975 811 3031 in
857 2974 1067 3029 horum
1108 2981 1262 3029 terra
1303 2962 1745 3047 conspiciuntur
1791 2974 2082 3031 columnae
2113 2976 2188 3029 ab
2235 2974 2339 3031 illo
2381 2981 2612 3040 erectae,
2639 2992 2774 3033 nou

568 3070 709 3111 vero
746 3052 1009 3109 ulterius.
1087 3051 1231 3107 Inde
1259 3069 1544 3109 converso
1584 3052 1787 3109 itinere
1831 3052 2072 3109 domum
2120 3053 2386 3127 repetiit:
2433 3051 2535 3109 sed
2560 3053 2668 3111 ubi
2693 3054 2774 3111 ad

568 3132 789 3189 Phasin
819 3129 1065 3187 fluvium
1094 3130 1233 3197 fuit,
1262 3131 1423 3187 haud
1446 3131 1590 3187 satis
1617 3139 1774 3199 certo
1807 3131 2116 3187 adfirmare
2139 3149 2403 3205 possum,
2431 3130 2638 3205 ipsene
2666 3150 2774 3191 rex

570 3210 870 3275 SesostriS,
888 3210 1259 3284 designatam
1274 3210 1532 3283 aliquam
1557 3216 2094 3300 quantamcumque
2109 3218 2338 3283 partem
2363 3210 2454 3265 sui
2483 3211 2780 3269 exercitus

568 3288 654 3345 ibi
678 3288 999 3362 reliquerit,
1043 3305 1121 3343 an
1166 3288 1383 3345 milites
1409 3288 1708 3355 nonnulli,
1750 3287 2030 3345 itinerum
2071 3306 2294 3347 errores
2333 3290 2590 3363 pertaesi,
2619 3291 2777 3349 circa

568 3365 790 3425 Phasin
818 3366 1041 3421 flumen
1068 3367 1470 3423 remanserint.

656 3449 792 3501 104.
829 3444 1037 3499 Colchi
1074 3443 1231 3500 enim
1272 3444 1421 3501 mibi
1462 3444 1734 3504 videntur
1782 3394 2050 3523 AEgyptii
2089 3465 2250 3507 esse:
2295 3446 2472 3523 idque
2511 3446 2668 3517 dico,
2709 3457 2780 3509 ut

571 3524 675 3598 qui
716 3523 881 3598 prius
914 3522 1024 3577 hoc
1073 3523 1273 3595 ipsum·
1308 3540 1546 3579 mecum
1589 3524 1994 3599 cogitaverim,
2037 3544 2222 3601 quam
2257 3543 2330 3583 ex
2379 3526 2504 3583 aliis
2553 3528 2781 3585 audivi.

571 3602 779 3664 Quum
803 3618 941 3656 vero
968 3618 1123 3657 curae
1150 3602 1299 3657 mihi
1326 3602 1450 3657 haec
1471 3618 1562 3657 res
1587 3610 1762 3670 esset,
1791 3605 2036 3678 quaesivi
2063 3624 2134 3663 ex
2157 3606 2456 3679 utrisque:
2501 3612 2564 3661 et
2581 3607 2778 3683 magis

574 3680 783 3738 Colchi
836 3679 1291 3737 recordabantur
1335 3678 1782 3753 AEgyptiorum,
1831 3701 2017 3758 quum
2071 3684 2346 3760 AEgyptii
2394 3683 2779 3743 Colchorum.

568 3756 789 3815 Putate
814 3765 1015 3815 autem
1042 3776 1105 3815 se
1131 3758 1362 3814 aiebant
1404 3758 1697 3833 AEgyptii,
1735 3776 1862 3819 esse
1889 3760 2142 3819 Colchos
2181 3762 2256 3819 dc
2305 3763 2568 3819 exercitu
2605 3763 2780 3821 Seso-

568 3838 725 3895 stris.
798 3835 934 3911 Ego
960 3854 1101 3903 vero
1128 3833 1592 3905 conjectaveram
1619 3838 1830 3911 partim
1858 3857 1934 3897 ex
1960 3840 2096 3907 hoc,
2121 3840 2281 3915 quod
2299 3840 2472 3915 nigro
2500 3839 2702 3900 colore
2717 3851 2780 3901 et

570 3916 777 3990 crispis
806 3914 1031 3989 capillis
1068 3915 1188 3971 sint
1213 3913 1456 3983 Qolchi.
1501 3933 1854 3989 quamquam
1893 3918 2008 3975 hoc
2043 3936 2258 3993 parum
2291 3919 2469 3986 valet,
2499 3936 2692 3993 quum
2719 3928 2782 3979 et

568 3994 673 4051 alii
698 3994 817 4051 sint
844 3993 1051 4067 populi
1076 3992 1256 4049 tales·
1300 3992 1413 4049 hoc
1450 3992 1636 4068 igitur
1677 3996 1874 4067 potius
1903 4005 2256 4073 argumento
2295 3997 2356 4054 id
2395 3998 2781 4087 collegeram,

571 4071 729 4145 quod
752 4071 865 4129 soli
888 4072 1161 4127 omnium
1188 4070 1498 4127 bominum
1523 4072 1754 4139 Colchi,
1783 4080 1994 4147 praeter
2017 4074 2336 4151 AEgyptios
2359 4083 2420 4133 et
2435 4073 2780 4170 AEtlniopes,

572 4151 655 4209 ab
690 4149 1113 4225 antiquissimis
1157 4149 1516 4230 tcmpofibus
1560 4151 1984 4210 circumcidant
2030 4153 2318 4228 pudenda.
2389 4153 2558 4213 Nam
2606 4156 2783 4215 Phoe·
