2925 4992
529 328 648 393 348
1033 312 1583 385 {mnonoTl
1652 316 2021 393 nls‘roR.
2070 324 2209 385 vn.

531 485 718 561 igitur
741 482 800 540 in
829 482 1175 541 memoriam
1201 482 1322 539 illis
1345 498 1621 591 re'ocans
1664 483 1873 561 Pythia
1904 482 2215 560 prohibuit
2250 480 2475 543 auxilia
2516 482 2753 541 Gnosis

533 564 764 621 mittere
789 562 1092 619 wilelme&

615 646 745 698 172.
795 640 1042 697 Thema
1083 641 1338 715 primum
1377 642 1719 699 necessitate
1762 642 1949 699 coacti
1975 640 2289 699 Medomm
2335 648 2533 719 partes
2576 600 2742 715 sequi

531 731 854 795 coeperunt,
885 728 1192 793 postquam
1221 720 1601 777 ostenderunt
1626 738 1741 776 non
1772 722 1885 777 sibi
1921 722 2166 795 placere
2175 721 2576 779 Aleuadarum
2602 721 2741 775 arti-

531 799 678 855 ficia.
755 800 911 855 Nam
942 799 1294 871 simulatque
1319 799 1735 855 intellexerunt
1763 799 2001 855 Persam
2040 816 2165 856 esse
2192 800 2253 855 in
2280 800 2587 872 Europam
2614 806 2745 855 tra-

521 876 844 949 jectumm,
873 878 1104 952 legatos
1133 877 1193 932 in
1226 875 1519 933 Isthmum
1558 878 1851 943 miserant,
1878 878 1983 934 ubi
2028 885 2433 935 convenerunt
2476 877 2671 953 legati
2708 887 2762 935 a·

527 956 864 1013 civitatibus
891 956 1138 1011 meliora
1165 956 1551 1011 sentientibus
1578 955 1809 1024 delecti,
1838 958 1937 1030 qui
1978 974 2087 1031 pro
2126 956 2316 1013 salute
2356 956 2615 1013 Graeciae
2640 956 2743 1012 de-

527 1036 862 1092 liberarent.
943 1034 1028 1089 Ad
1061 1036 1166 1089 hos
1191 1034 1292 1089 ubi
1331 1042 1609 1091 venerant
1634 1036 2050 1091 Thessalorum
2091 1035 2297 1109 legati,
2327 1035 2439 1091 hac
2462 1036 2765 1093 oratione*

527 1114 620 1170 usi
663 1120 868 1168 erant·
931 1112 1130 1168 “Viri
1183 1112 1410 1168 Graeci!
1474 1113 1783 1170 Custodit-e
1834 1120 2067 1187 oportet
2118 1114 2319 1169 fauces
2368 1114 2743 1189 olympicus,

527 1198 718 1267 “quo
744 1191 1050 1247 Thessalia
1075 1199 1134 1247 et
1161 1188 1436 1247 universa
1461 1192 1687 1247 Graecia
1714 1210 1749 1248 a
1777 1192 1933 1248 bello
1958 1201 2089 1248 tuta
2112 1200 2437 1267 proestetur.
2520 1190 2745 1249 Sumus

529 1277 572 1302 “
601 1268 839 1345 quidem
881 1285 990 1327 nos
1045 1270 1228 1341 parati
1277 1270 1349 1323 ad
1403 1286 1501 1325 eas
1542 1270 1844 1327 vobiscum
1890 1270 2325 1338 custodiendas,
2370 1270 2469 1327 sed
2520 1278 2585 1327 et
2642 1285 2762 1327 vos·

527 1356 575 1381 “
604 1356 835 1424 oportet
879 1349 1140 1404 validum
1185 1347 1418 1405 mittere
1459 1350 1816 1405 exercitum·
1804 1393 1816 1405 .
1862 1349 2103 1416 etenim,
2132 1349 2248 1405 nisi
2288 1349 2599 1415 miseritis,
2634 1350 2761 1405 sci-⁸

529 1434 570 1461 “
601 1435 724 1484 tote
773 1444 880 1483 nos
935 1444 1072 1483 cum
1127 1426 1300 1483 Persa
1339 1426 1530 1483 foedus
1576 1444 1703 1483 esse
1754 1428 2019 1485 inituros.
2098 1428 2226 1485 Nec
2268 1429 2425 1485 enim
2470 1428 2761 1502 profecto·

529 1512 576 1539 “
601 1524 833 1583 aequum
863 1514 973 1572 est,
1001 1512 1070 1561 ut
1095 1520 1224 1569 nos,
1256 1506 1355 1578 qui
1381 1514 1523 1562 ante
1547 1506 1830 1579 reliquam
1856 1506 2148 1563 Graeciam
2188 1506 2337 1563 adeo
2382 1522 2601 1563 sumus
2648 1524 2747 1565 ex·

526 1592 576 1617 ‘⁸
603 1585 800 1660 positi,
829 1584 936 1639 soli
982 1601 1087 1658 pro
1129 1585 1297 1640 vobis
1341 1602 1664 1657 pereamus.
1746 1586 1918 1647 Quod
1965 1586 2015 1642 si
2054 1600 2160 1640 vos
2202 1602 2377 1659 opem
2424 1584 2599 1641 ferre·
2630 1604 2747 1645 non

527 1670 569 1697 “
597 1665 798 1732 vultis,
833 1663 1055 1719 nullam
1088 1662 1254 1719 nobis
1283 1666 1689 1721 necessitatem
1716 1664 1981 1737 poteritis
2010 1665 2349 1737 imponere3
2392 1664 2559 1720 ultra
2579 1665 2749 1721 vires

529 1750 574 1775 “
598 1744 758 1799 enim
789 1742 923 1817 cogi
949 1758 1126 1798 nemo
1154 1750 1382 1813 potest:
1431 1743 1531 1798 sed
1576 1744 1686 1815 ipsi
1728 1738 2001 1798 dabimus
2026 1758 2267 1816 operam
2294 1750 2365 1799 ut
2390 1743 2571 1800 saluti
2604 1760 2745 1804 nos-

529 1828 572 1853 “
601 1830 708 1878 trae
731 1820 1165 1877 consulamus.”
1249 1820 1396 1877 Haec
1425 1821 1841 1877 Thessalorum
1868 1821 1983 1877 fuit
2004 1822 2211 1877 oratio.

610 1905 741 1964 173.
781 1902 920 1960 Qua
965 1900 1168 1955 audita
1197 1900 1475 1955 oratione
1502 1900 1883 1956 decreverunt
1908 1900 2103 1956 Graeci
2147 1900 2469 1973 pedestrem
2516 1901 2749 1958 exerci-

524 1988 657 2035 tum
683 1979 830 2035 mari
875 1978 934 2032 in
979 1978 1344 2034 Thessaliam
1385 1980 1637 2044 mittere,
1668 1978 1768 2051 qui
1792 1978 2009 2034 fauces
2032 1978 2166 2035 illas
2192 1978 2537 2037 custodiret.
2622 1982 2759 2042 Qui·

522 2058 626 2113 ubi
671 2056 949 2113 collectus
989 2064 1078 2111 est
1123 2057 1432 2121 exercitus,
1465 2072 1567 2129 per
1594 2056 1879 2130 Euripum
1926 2057 2270 2131 navigavit3
2317 2065 2401 2112 et·
2420 2064 2743 2133 postquam

522 2136 672 2192 Aion
704 2135 932 2190 Achaiae
959 2135 1241 2205 pervenit,
1269 2135 1328 2189 in
1359 2145 1573 2191 terram
1616 2137 1945 2211 expositus,
1976 2136 2193 2193 relictis
2232 2136 2315 2190 ibi
2359 2136 2651 2204 navibus,
2680 2139 2741 2193 in

520 2214 883 2271 Thessaliam
940 2211 1022 2268 ire
1066 2214 1354 2287 perrexit:
1415 2220 1475 2269 et
1517 2215 1576 2271 in
1615 2214 1845 2287 Tempe
1880 2213 2163 2287 pervenit,
2194 2214 2296 2269 ubi
2346 2223 2491 2271 sunt
2534 2214 2743 2273 fauces

522 2304 656 2367 quie
681 2310 755 2349 ex
779 2291 1050 2349 inferiori·
1093 2292 1445 2348 Macedonia
1494 2294 1549 2348 in
1595 2292 1961 2349 Thessaliam
2006 2288 2209 2349 ferunt
2256 2294 2583 2349 secundum
2632 2296 2743 2351 Pe-

520 2390 696 2444 neum
727 2369 996 2437 fluvium,
1025 2372 1124 2444 qui
1155 2371 1308 2428 inter
1333 2370 1658 2444 Olympum
1678 2380 1939 2427 montem
1966 2378 2027 2427 et
2052 2371 2265 2428 Ossam
2288 2368 2605 2429 interfluit.
2648 2373 2751 2431 Ibi·

521 2460 712 2508 castra
757 2458 1082 2525 posuerunt
1131 2450 1376 2506 collecta
1417 2448 1757 2506 Groecorum
1802 2452 1955 2506 circa
1998 2450 2198 2507 decem
2248 2450 2431 2507 millia
2472 2453 2743 2525 graviter

519 2540 918 2589 amatorum:
963 2544 1099 2585 cum
1146 2529 1344 2601 eisque
1383 2528 1801 2585 Thessalorum
1850 2540 1973 2585 erat
2012 2530 2333 2602 equitatus.-
2405 2525 2737 2603 Imperator

519 2619 646 2665 erat
694 2606 1298 2673 Lacedaemoniorum,
1353 2606 1673 2664 Euaenetus
1726 2608 1941 2663 Cat-eni
1994 2607 2169 2676 filins,
2214 2624 2287 2662 ex
2340 2608 2743 2680 polemon-chio

523 2688 761 2751 electus,
797 2702 915 2741 non
963 2682 1198 2759 quidem
1239 2702 1312 2740 ex
1351 2686 1515 2761 regia
1554 2686 1780 2741 familia
1818 2694 2027 2756 natus3
2074 2686 2525 2743 Atheniensium
2570 2705 2739 2756 vero,

473 2780 486 2787 ·
521 2764 948 2821 Themistocles
975 2764 1212 2819 Neoclis
1243 2764 1415 2820 lilius.
1496 2766 1575 2821 At
1600 2766 1840 2821 nonnisi
1868 2782 2087 2839 paucos
2112 2764 2237 2821 dies
2278 2765 2337 2823 hi
2380 2763 2461 2819 ibi
2490 2782 2741 2825 manse-

522 2850 677 2899 runt.
759 2842 1146 2911 Advenientes
1189 2844 1352 2899 enim
1396 2844 1471 2899 ab
1505 2844 1835 2901 Alexandro
1862 2844 2213 2910 Macedone,
2256 2844 2537 2918 Amyntae
2582 2846 2735 2914 filio,

479 2922 488 2933 ‘
519 2922 702 2997 legati
726 2930 1040 2979 suaserunt
1081 2923 1163 2977 eis
1207 2930 1275 2990 ut
1315 2922 1696 2989 discederent,
1726 2940 1791 2978 ne
1818 2924 1871 2978 in
1899 2922 1983 2978 his
2004 2922 2269 2997 saucibus
2290 2931 2581 2979 manentes
2606 2944 2737 2981 con·-

520 3002 868 3057 cnlcarentur
909 3001 977 3056 ab
1009 3002 1308 3056 ⁸invadente
1341 3002 1613 3067 exercitu,-
1652 3000 1864 3075 quibus
1912 3003 2103 3058 verbis
2144 3001 2235 3057 illi
2280 3000 2736 3061 multitudinem

518 3082 820 3155 copiarum
865 3080 1218 3153 pedestrium
1271 3081 1753 3153 nauticarumque
1796 3080 2214 3155 significarunt.
2295 3079 2411 3136 His
2436 3080 2629 3155 igitur
2654 3085 2738 3140 ita

519 3156 912 3222 suadentibus,
943 3176 1129 3233 quum
1163 3159 1414 3215 salutare
1451 3159 1747 3216 videretur
1784 3160 2135 3225 consilium,
2150 3156 2409 3231 satisque
2432 3170 2737 3218 constaret

517 3238 674 3293 bene
701 3238 975 3294 adversus
1003 3239 1160 3309 ipso-s
1189 3238 1513 3293 animatum
1556 3254 1681 3294 esse
1726 3236 2135 3303 Macedonem,
2160 3246 2487 3311 paruerunt
2514 3238 2731 3297 Graeci.

517 3316 672 3373 Mihi
719 3334 860 3372 vero
909 3316 1139 3372 videtur
1183 3324 1378 3372 metus
1421 3316 1619 3382 fuisse,
1648 3312 1747 3389 qui
1784 3316 1901 3372 illis
1940 3322 2008 3372 ut
2046 3316 2413 3373 discederent
2460 3321 2732 3388 suaserit,

519 3412 704 3468 quum
732 3394 1160 3450 intellexissent
1186 3394 1359 3451 aliam
1390 3396 1791 3467 praeter-hanc
1824 3412 1950 3451 esse
1988 3394 2147 3451 viam
2188 3410 2307 3468 qua
2346 3394 2411 3461 in
2460 3394 2735 3455 Thessa-

517 3474 658 3529 liam
689 3474 930 3529 transire
958 3474 1142 3529 hostis
1168 3482 1386 3547 posset,
1413 3490 1521 3547 per
1548 3474 1903 3546 superiorem
1931 3473 2339 3530 Macedoniam
2368 3481 2429 3529 et
2458 3472 2730 3534 Perrhae-

516 3552 730 3608 borum
759 3552 902 3607 fines
919 3550 1096 3621 juxta
1121 3552 1406 3608 Gonnum
1437 3552 1679 3608 urbem·
1664 3590 1681 3619 ,
1722 3568 1841 3625 qua
1866 3552 2041 3609 etiam
2070 3552 2128 3608 in
2156 3550 2529 3627 Thessaliam
2564 3562 2731 3612 tran-

517 3630 617 3686 siit
641 3630 854 3686 Xerxis
883 3632 1187 3687 exercitus.
1266 3632 1456 3687 Graeci
1496 3630 1701 3705 igitur,
1727 3648 1903 3691 naves
1930 3646 2065 3688 suas
2089 3636 2433 3725 repetentem
2464 3632 2542 3689 ad
2575 3632 2731 3703 Isth.-

517 3726 687 3770 mum
717 3716 868 3765 retro
886 3711 1036 3765 sunt
1065 3710 1327 3777 profecti.

597 3794 730 3851 174.
775 3786 962 3845 Haec
945 3806 1006 3845 m
1027 3788 1392 3845 Thessaliam
1433 3788 1727 3861 expeditio
1760 3796 2033 3863 suscepta
2070 3795 2183 3855 est,
2212 3806 2396 3863 quum
2426 3808 2535 3848 rex
2560 3792 2623 3847 in
2650 3808 2725 3849 eo

517 3868 634 3923 fuit
661 3876 729 3923 ut
767 3868 826 3923 in
858 3865 1153 3939 Europam
1180 3884 1250 3923 ex
1277 3868 1412 3923 Asia
1451 3863 1761 3937 trajiceret,
1784 3864 2025 3941 jamque
2055 3867 2321 3943 Abydum
2360 3878 2726 3943 pervenerat.

513 3942 606 4006 Ita
632 3962 772 4018 ergo
793 3944 1082 4011 Thessali,
1111 3942 1284 4002 sociis
1309 3946 1593 4011 destituti,
1626 3947 1908 4012 studiose,
1936 3954 2123 4020 neque
2162 3948 2413 4021 amplius
2442 3948 2723 4005 dubitan-

518 4032 630 4088 ter,
659 4024 970 4081 Medorum
993 4032 1185 4097 partes
1211 4032 1352 4081 sunt
1379 4024 1659 4099 amplexi,
1686 4033 1745 4081 et
1768 4026 1827 4081 in
1858 4025 1995 4100 ipsis
2026 4026 2205 4083 rebus
2226 4026 2501 4102 gerendis
2526 4028 2725 4085 utilis-

511 4102 696 4169 simos
722 4118 846 4159 sese
875 4105 999 4179 regi
1027 4103 1440 4175 praestiterunt.

516 4176 530 4185 ”
598 4185 726 4268 ᾏ75.
753 4182 1308 4259 Graeei'postquam
1335 4184 1410 4241 ad
1447 4183 1729 4263 Isthmum·
1751 4200 2089 4263 pervenere,
2118 4190 2455 4259 reputantes
2480 4200 2551 4243 es
2584 4199 2719 4260 quai
