2925 4992
956 318 1562 385 MELPOMRNR.
2235 328 2352 390 1⁸?

167 482 433 541 micum
461 484 643 541 solem
656 483 949 543 venusin
978 500 1143 541 mare
1167 483 1572 560 navigarunt:
1599 486 1732 539 tum
1760 496 1866 557 per
1885 496 2050 539 mare
2071 482 2350 543 occiden-

168 569 271 619 tem
304 578 512 619 versus
550 564 914 639 navigantes,
946 560 1249 638 trigesimo
1290 578 1498 619 mense
1536 576 1676 617 eum
1715 560 1776 617 in
1817 561 2018 617 locum
2057 578 2346 635 pervene-

166 648 313 707 runt,
336 641 495 697 unde
530 658 631 697 rex
657 642 1079 717 AEgyptiorum
1110 642 1421 697 Phoeuices
1458 640 1618 705 illos,
1647 638 1720 696 de
1745 639 1962 713 quibus
1999 656 2180 714 supra
2197 642 2346 709 dixi,

165 720 339 775 emisit
362 720 611 795 Libyam
636 720 1259 795 circumnavigaturos.
1299 721 1439 782 Qua
1462 718 1736 775 confecta
1761 719 2138 795 navigatione
2157 720 2342 779 Indos

164 792 377 871 subegit
404 800 647 864 DariuS,
676 810 737 856 et
762 800 913 855 mari
942 799 1045 855 illo
1072 814 1213 857 usus
1242 806 1347 855 est.
1426 798 1623 872 Atque
1659 798 1742 852 ita
1765 797 1937 867 Asiae,
1973 806 2184 871 praetor
2207 816 2342 857 eam

164 885 361 949 partem
398 896 534 951 quae
574 878 731 934 Indis
772 878 847 934 ab
886 879 1113 933 oriente
1152 884 1261 943 est,
1304 876 1534 951 reliqua
1573 876 1818 951 cognita
1855 884 1994 933 sunt
2010 898 2029 947 ς
2073 894 2344 953 comper·

163 962 383 1029 tumque
409 967 519 1021 est,
550 960 747 1013 Asiam
775 956 993 1013 similia
1018 954 1291 1011 exhibere
1316 966 1496 1028 atque
1523 956 1799 1011 Africam.

228 1037 317 1090 4⁵.
360 1037 589 1107 Europa
628 1044 827 1091 autem
856 1052 895 1090 a
924 1036 1155 1091 nemine
1192 1035 1367 1108 plane
1406 1034 1652 1109 cognita
1675 1042 1801 1103 est5
1845 1050 2036 1109 neque
2077 1052 2350 1110 comper·

164 1120 272 1167 tum
298 1114 585 1169 habemus
610 1130 687 1170 an
716 1124 819 1169 aut
846 1114 921 1169 ab
958 1114 1187 1169 oriente
1214 1122 1317 1169 aut
1344 1132 1379 1167 a
1402 1112 1823 1185 septemtrione
1861 1114 2208 1171 circumfluo.
2229 1116 2306 1171 sit
2325 1136 2342 1171 ε

163 1191 287 1247 illud
316 1193 613 1257 novimuS,
646 1192 972 1249 secundum
1001 1191 1248 1267 Libyam
1274 1191 1590 1265 Asiamque
1631 1206 1756 1247 esse
1791 1188 1955 1248 illam
1996 1202 2346 1267 porrectum.

161 1268 271 1325 Nec
291 1284 427 1327 vero
450 1268 793 1341 conjectura
832 1271 1069 1344 adsequi
1113 1286 1378 1344 possum,
1408 1286 1532 1336 cur,
1559 1286 1746 1343 quum
1783 1286 1912 1325 una
1937 1272 2016 1327 sit
2037 1282 2215 1339 terra,
2234 1275 2346 1329 tri·-

161 1346 253 1404 bus
280 1350 373 1405 illa
406 1351 750 1406 nominibus
790 1349 1218 1423 distinguatur,
1246 1368 1281 1405 a
1306 1349 1628 1405 mulierum
1673 1349 2010 1405 nominibus
2036 1350 2346 1419 desumtis,

162 1428 483 1501 terminique
508 1429 705 1484 eidem
736 1438 1049 1502 ponantur,
1076 1429 1245 1485 Nilus
1272 1427 1486 1483 fluvius
1511 1426 1862 1501 AEgyptius,
1891 1436 1951 1483 et
1980 1428 2180 1486 Phasis
2207 1430 2346 1485 001·

162 1506 375 1577 chicus3
424 1522 535 1580 pro
572 1524 697 1581 quo
725 1508 961 1580 quidem
1002 1504 1105 1562 alii
1138 1506 1391 1563 Tanaim
1432 1506 1684 1561 fluvium
1711 1504 2057 1563 Maeoticum
2083 1517 2344 1582 ponunt,

49 1584 51 1589 ’
161 1592 211 1639 et
234 1586 543 1642 cimmeria
574 1587 929 1641 Porthmeaz
972 1600 1163 1658 neque
1192 1582 1439 1640 nomina
1463 1585 1630 1657 potui
1659 1587 1986 1655 comperire
2011 1602 2217 1642 eorum
2241 1587 2346 1662 qui

162 1661 289 1718 hauc
310 1658 791 1721 distributionem
822 1666 1220 1728 instituerunt,
1250 1678 1357 1719 nec
1382 1678 1490 1717 cur
1515 1663 1630 1719 ista
1667 1662 1914 1719 nomina
1951 1661 2040 1719 his
2081 1666 2346 1741 regioni·-

161 1740 256 1797 hus
292 1742 703 1817 imposuerint.
781 1742 940 1799 Nam
980 1742 1233 1816 Libyam
1278 1740 1518 1813 quidem
1561 1740 1822 1814 plerique
1849 1740 2060 1798 -Graeci
2099 1745 2268 1801 aiunt
2309 1762 2348 1801 a

159 1818 343 1893 Libya,
373 1823 609 1879 neuliere
646 1820 951 1897 indigena,
982 1836 1201 1876 nomen
1242 1820 1576 1889 invenisse3
1621 1820 1820 1875 Asiam
1863 1837 2000 1876 vero
2039 1840 2078 1877 a
2114 1840 2348 1899 cogno·

49 1904 51 1945 ἑ
159 1898 303 1955 mine
320 1902 523 1957 uxoris
546 1900 911 1957 Promethei.
992 1900 1069 1955 At
1096 1916 1317 1955 nomen
1359 1898 1474 1955 hoc
1497 1897 1610 1953 sibi
1633 1896 1942 1955 vindicant
1967 1898 2120 1975 Lydi
2144 1926 2160 1973 3
2212 1915 2344 1976 per-

158 1974 421 2055 hibentes,
452 1998 489 2035 a
514 1979 723 2054 Cotyis
752 1977 899 2044 fllio,
928 1977 1127 2036 Manis
1154 1984 1387 2051 nepote,
1416 1976 1510 2033 cui
1533 1975 1698 2035 Asius
1723 1992 1948 2034 nomen
1975 1979 2114 2045 fuit,
2143 1982 2343 2037 nomi-

49 2094 51 2127 ,
159 2062 331 2113 natam
370 2058 576 2114 Asiam
620 2059 823 2123 fuisse,
852 2074 971 2113 non
1007 2075 1045 2112 a
1084 2056 1423 2112 Promethei
1460 2072 1646 2111 uxore
1682 2056 1854 2112 Asia:
1899 2056 1976 2113 ub
2015 2058 2344 2134 eodemque

49 2130 51 2187 ἐ
159 2134 312 2191 etiam
340 2136 873 2193 Sardibus-tribum
900 2134 1169 2192 Asiadem
1196 2133 1411 2191 ducere
1434 2150 1667 2191 nomen.
1707 2134 1820 2189 Sed
1847 2133 2105 2209 Europa,
2134 2155 2343 2212 quem·

159 2212 473 2280 admodum,
504 2232 583 2272 an
608 2214 971 2271 circumflua
1008 2215 1105 2279 sit,
1134 2213 1283 2269 nulli
1326 2213 1637 2269 homiuum
1673 2221 2044 2285 compertum
2084 2226 2174 2273 est
2199 2238 2216 2273 :
2257 2218 2346 2275 sic

160 2302 266 2357 nec,
286 2296 441 2351 unde
468 2296 589 2349 boc
614 2308 833 2349 nomen
870 2293 1181 2365 acceperit,
1210 2299 1315 2347 aut
1338 2292 1472 2365 quis
1497 2292 1552 2347 ei
1579 2291 1724 2347 illud
1765 2291 2130 2364 imposuerit,
2159 2293 2343 2369 adpa-

158 2378 261 2427 retz
290 2374 397 2428 nisi
424 2374 722 2437 dicamus,
750 2390 783 2428 o
810 2368 987 2445 'syria
1010 2372 1249 2444 Europa
1280 2386 1496 2425 nomeu
1521 2370 1812 2426 invenisse
1841 2371 1992 2425 hanc
2021 2372 2342 2447 regionem,

158 2455 307 2505 antea
334 2468 467 2508 vero
492 2453 755 2513 caruisse
779 2452 1040 2515 nomine,
1066 2447 1566 2522 quomadmodum
1599 2447 1730 2504 duse
1757 2447 2010 2522 reliquae.
2089 2451 2170 2507 At
2191 2452 2344 2509 hanc

159 2527 371 2599 quidem
390 2548 464 2587 ex
486 2530 635 2587 Asia
666 2528 855 2585 fuisse
880 2536 1129 2594 constat,
1162 2544 1351 2601 neque
1384 2527 1453 2583 in
1495 2527 1650 2582 hanc
1675 2537 1913 2593 terram,
1943 2544 2120 2604 quum
2149 2529 2340 2587 Euro-

51 2588 54 2649 ὲ
158 2616 273 2677 pam
293 2609 485 2667 Graeci
512 2618 755 2673 vocant,
785 2608 1117 2682 pervenisse
1143 2628 1156 2663 ε
1204 2622 1313 2661 nee
1339 2605 1502 2662 enim
1525 2605 1684 2661 ultra
1711 2604 1948 2665 Cretam
1975 2624 2050 2663 ex
2067 2608 2347 2667 Piioenioe

51 2710 55 2749 =‚
159 2688 419 2757 pervenit,
458 2704 539 2744 ex
584 2688 779 2743 Creta·
797 2687 949 2742 vero'
990 2687 1049 2741 in
1091 2685 1361 2759 Lyciam.
1438 2684 1634 2758 Atque
1684 2684 1808 2741 haec
1855 2686 2140 2743 hactenus
2187 2688 2346 2746 dicta

158 2768 353 2821 mutet
392 2774 681 2823 coeterum
718 2782 825 2821 nos
866 2764 1085 2821 eisdem
1124 2762 1465 2819 nominibus
1499 2772 1762 2830 utemur,
1791 2780 1926 2839 quoe
1949 2774 2086 2823 sunt
2109 2784 2225 2824 usu
2249 2784 2348 2825 re*

166 2850 331 2915 cepta.
1339 2857 1344 2862 ·
2181 2870 2184 2875 -

182 2935 191 2963 .-
222 2926 309 2977 46.
346 2924 569 2979 Pomm
597 2923 866 2989 Euxinus,
896 2924 957 2979 in
982 2938 1161 2997 quem
1190 2920 1409 2977 Darius
1444 2919 1882 2993 expeditionem
1909 2924 2190 2996 suscepit,
2211 2940 2346 2998 pra!

158 3000 473 3075 regionibus
502 2998 787 3059 omnibus
811 3004 1063 3076 populos
1090 2998 1267 3057 habet
1292 2998 1744 3064 incultissimos,
1761 3000 1810 3054 si
1835 3000 2168 3071 Scythicam
2194 3018 2344 3077 geu-

160 3080 263 3133 tem
286 3082 563 3154 excipias.
642 3080 849 3152 Neque
874 3082 1034 3136 enim
1072 3077 1362 3154 populum
1386 3076 1581 3132 ullum
1619 3094 1694 3133 ex
1731 3077 1844 3143 his,
1869 3078 1974 3149 qui
2008 3079 2155 3135 citra
2179 3080 2340 3137 Pon·

159 3158 271 3212 tum
311 3159 625 3223 habitant,
652 3176 969 3231 possumus
1008 3156 1313 3231 sapientius
1350 3171 1560 3211 caussa
1603 3170 1949 3221 memorare,
1993 3174 2102 3213 nec
2144 3159 2342 3218 virum

160 3235 409 3293 novimus
434 3238 541 3313 qui
572 3236 911 3293 eruditionis
942 3239 1177 3293 nomine
1204 3230 1498 3299 claruerit,
1525 3233 1636 3289 nisi
1665 3234 2000 3308 Scythicum
2027 3237 2338 3309 populum,

161 3318 209 3365 et
232 3312 285 3368 in
310 3316 423 3373 hoc
452 3316 836 3372 Anacharsim
918 3315 1191 3390 Scythica
1214 3320 1411 3368 autem
1438 3328 1573 3383 gem
1599 3328 1808 3377 unum,
1836 3314 1992 3386 quod
2017 3317 2342 3376 maximum

160 3390 315 3448 estin
338 3395 517 3451 rebus
540 3394 833 3460 humanis,
856 3409 983 3467 μω
1006 3391 1229 3449 caeteris
1254 3406 1353 3446 orn
1362 3391 1554 3470 nibus,
1579 3406 1726 3463 quos
1757 3392 2054 3458 novimus,
2085 3394 2342 3453 homini-

160 3463 694 3546 bussapientissime
719 3473 983 3527 invenit:
1016 3481 1227 3528 caetera
1244 3477 1441 3525 tamen
1466 3466 1730 3538 ejusdem
1761 3487 1879 3525 nou
1903 3471 2099 3527 laude.
2143 3474 2344 3531 Maxi...

160 3558 304 3604 mum
326 3552 495 3618 illud,
528 3552 684 3625 quod
708 3551 863 3616 (lico,
890 3552 973 3607 ita
1000 3552 1075 3606 ab
1104 3550 1193 3606 his
1222 3550 1534 3604 inventum
1563 3555 1672 3612 est,
1694 3554 1760 3603 ut
1785 3556 1848 3604 ct
1873 3566 2054 3605 nemo
2077 3553 2182 3624 qui
2207 3555 2346 3611 illos

160 3620 297 3681 bello
332 3631 636 3693 invaserit,
666 3628 919 3705 effugere
958 3631 1179 3703 possit-3
1224 3635 1287 3683 et
1314 3632 1379 3681 ut
1414 3626 1553 3698 ipsi,
1579 3626 1626 3680 si
1657 3626 1847 3683 nolint
1873 3629 2140 3703 reperiri,
2171 3648 2206 3685 u
2229 3649 2344 3688 nee

160 3703 302 3761 mine
338 3710 573 3783 possint
606 3708 978 3781 deprehendi.
1058 3706 1239 3775 Nam,
1265 3704 1367 3776 qui
1406 3721 1516 3759 nee
1555 3704 1774 3776 oppida
1812 3723 1924 3761 nec
1961 3710 2200 3765 castella
2229 3724 2340 3765 ex-

160 3786 359 3841 structa
400 3787 641 3853 habent,
668 3786 791 3851 sed,
817 3787 1025 3844 domos
1068 3800 1205 3841 suas
1246 3798 1447 3839 secum
1482 3781 1760 3848 ferentes,
1786 3785 2074 3859 sagittarii
2115 3788 2340 3861 equites

161 3868 283 3916 mut
306 3866 531 3930 cuncti,
562 3880 679 3924 non
706 3874 899 3921 aratro
924 3865 1279 3926 victitantes,
1300 3858 1403 3917 sed
1430 3856 1758 3933 pecoribus,
1775 3862 1982 3918 domos
2007 3880 2144 3927 suas
2169 3866 2342 3938 plau.»

163 3940 283 3995 stris
302 3944 841 4009 circumvehentes3
886 3958 1005 4017 quo
1032 3950 1207 4017 pacto
1247 3940 1310 3998 hi
1336 3956 1462 3995 non
1486 3948 1684 3996 essent
1709 3940 1932 4007 invicti,
1957 3950 2134 4014 atque
2157 3944 2342 4004 etium

166 4015 311 4075 aditu
334 4034 622 4097 perquam
645 4021 913 4078 difficiles
929 4026 957 4078 ἰ-
1963 4054 1968 4059 ·

228 4096 318 4159 4⁹7.
356 4100 465 4157 Est
486 4110 694 4158 nutem
726 4099 837 4156 hoc
861 4101 937 4157 ab
964 4099 1079 4155 illis
1117 4100 1442 4163 inventum,
1473 4112 1656 4171 quum
1681 4098 2122 4171 opportunitate
2145 4108 2340 4171 terrae,

165 4174 279 4232 tum
304 4174 991 4253 fluviorum·udjumeuto
1014 4196 1033 4235 a
1074 4186 1163 4235 est
1198 4176 1359 4233 enim
1398 4188 1559 4235 terra
1607 4176 1730 4233 baec
1767 4174 1964 4251 plana,
1989 4176 2252 4251 herbida,
2279 4192 2342 4243 et

1153 4261 1191 4313 2
1218 4268 1254 4311 n
1285 4259 1323 4311 9.
