2925 4992
1130 242 1504 349 ιιιιΑΝιΑ.
1663 294 1672 305 ·
2281 294 2398 351 sss

180 446 255 505 ad
282 447 601 505 introitum
626 447 889 515 concilii,
920 448 1147 505 evocari
1177 448 1253 505 ad
1277 464 1340 505 sc
1358 442 1538 517 jussit
1553 444 2039 518 Themistoclem,
2065 450 2166 525 qui
2195 466 2320 507 non
2345 452 2400 508 ei

144 528 431 601 amicus,
459 529 561 585 sed
601 544 777 602 quam
815 528 1072 585 maxime
1116 526 1393 583 inimicus
1434 534 1596 597 erat3
1643 544 1851 585 verum
1892 529 1972 587 ob
2019 526 2395 603 praesentium

178 602 543 680 grauitatem
570 608 861 664 malorum
880 606 1099 663 oblitus
1120 602 1586 673 inimicitiarum,
1603 606 1675 662 ad
1703 623 1766 663 se
1783 609 1976 664 vocari
2004 609 2171 666 illum
2191 606 2394 680 jussit,

176 685 443 763 colloqui
482 702 621 741 cum
645 703 717 741 eo
756 686 1031 761 cupiens:
1076 692 1247 742 antea
1288 683 1594 741 audiverat
1635 692 1859 752 autem,
1887 687 1945 743 id
1986 704 2198 763 urgere
2224 688 2395 745 Pelo-

175 766 499 837 ponnesios
540 772 609 820 ut
646 764 718 820 ad
760 764 1055 822 Isthmum
1098 764 1419 841 abducatur
1460 764 1682 820 classis.
1765 760 2080 840 Postquam
2121 784 2392 843 egressus

176 849 273 899 est
292 842 745 909 Themistocles,
773 844 867 900 his
892 843 1083 900 verbis
1105 860 1246 899 eum
1278 842 1556 899 Aristides
1597 843 1936 917 adloquitur
1952 863 1972 899 ι
2017 852 2062 877 “
2089 845 2395 905 Debemus

179 928 226 953 “
255 938 369 978 nos
394 929 457 979 et
480 920 629 978 alias
654 930 714 977 et
752 923 1035 979 nimirum
1066 938 1221 978 nunc
1262 921 1520 977 maxime
1545 921 1618 977 de
1657 922 1770 979 hoc
1809 924 1962 981 inter
2001 940 2112 981 uos
2151 934 2393 983 conten-

175 1006 219 1031 “
250 1000 413 1067 dere,
440 1007 575 1057 uter
609 1009 877 1057 nostrum
917 996 1143 1071 majora
1166 999 1480 1056 commoda
1517 1001 1718 1072 patriae
1743 1001 1819 1057 sit
1843 1003 2160 1060 adlaturus.
2238 1004 2395 1063 Dico

172 1083 219 1115 “
246 1094 393 1135 vero
417 1079 544 1144 tibi,
574 1080 813 1153 perinde
842 1095 991 1147 esse,
1018 1080 1208 1135 multa
1233 1096 1307 1135 an
1348 1096 1534 1152 pauca
1557 1080 1740 1137 verba
1777 1079 1956 1137 facias
1995 1083 2067 1139 ad
2098 1082 2391 1158 Pelopon-

174 1164 221 1189 “
258 1159 455 1215 nesius
503 1158 750 1215 classem
800 1158 935 1214 hinc
984 1158 1271 1214 abducere
1322 1158 1639 1231 cupientes.
1723 1158 1854 1234 Ego
1905 1161 2088 1227 enim,
2129 1164 2396 1221 oculatus

170 1243 217 1268 “
248 1238 419 1293 testis
444 1236 549 1293 tibi
592 1236 709 1303 aio,
738 1238 959 1293 nullam
1000 1254 1185 1305 nunc,
1216 1253 1293 1293 ne
1318 1236 1365 1292 si
1395 1238 1582 1293 velint
1608 1238 1869 1311 quidem,
1901 1238 2242 1297 facultatem
2269 1259 2397 1299 esse

171 1322 221 1349 “
248 1300 575 1373 Corinthiis
602 1325 661 1373 et
676 1316 802 1389 ipsi
830 1315 1148 1391 Eurybiadi
1188 1316 1585 1389 enavigandi3
1633 1318 1894 1391 undique
1937 1319 2098 1375 enim
2142 1319 2396 1378 circum·

84 1396 93 1405 '
169 1400 221 1427 “
247 1392 405 1451 clusi
428 1411 635 1451 sumus
658 1395 735 1451 ab
764 1392 1047 1451 hostibus,
1128 1395 1204 1450 At
1232 1404 1295 1451 tu
1322 1394 1343 1449 i
1370 1396 1551 1463 intro,
1581 1402 1640 1451 et
1669 1396 1780 1451 hoc
1805 1395 1922 1451 illis
1949 1398 2220 1455 nuncia.”

256 1476 358 1530 80.
400 1474 499 1529 Sic
548 1474 687 1545 ille3
740 1474 835 1529 cui
884 1472 1309 1530 Themistocles
1364 1473 1698 1546 respondit:
1748 1481 1793 1506 “
1821 1474 1904 1532 Et
1954 1477 2273 1533 rectissime
2325 1482 2394 1533 tu

173 1560 222 1585 “
257 1568 507 1623 monem
552 1561 613 1609 et
653 1552 876 1609 honum
918 1554 1126 1626 utique
1170 1552 1361 1609 adfers
1404 1554 1728 1609 nuncium:
1771 1570 1935 1621 uam,
1965 1555 2121 1628 quod
2165 1572 2280 1631 ego
2325 1563 2397 1613 ut
2499 1616 2509 1623 „

170 1637 221 1663 “
248 1632 424 1689 fieret
444 1632 810 1705 cupiveram,
838 1630 899 1687 id
926 1638 992 1687 tu
1018 1634 1240 1687 factum
1266 1647 1393 1687 esse
1416 1632 1584 1687 testis
1611 1630 1881 1687 oculatus
1911 1650 1990 1689 nu
2001 1635 2175 1691 ncias.
2237 1634 2394 1691 Scito

168 1713 221 1743 “
252 1712 441 1777 enim,
474 1728 511 1766 a
554 1728 653 1767 me
694 1710 957 1775 monitos
1001 1710 1211 1767 fecisse
1256 1710 1369 1766 hoc
1414 1708 1660 1765 Medosz
1705 1710 2182 1786 quandoquidem
2235 1714 2394 1771 enim

156 1796 221 1829 1“
252 1797 467 1865 sponte
506 1789 827 1846 noluerunt
865 1776 1057 1844 Graeci
1098 1788 1301 1863 praelio
1330 1788 1663 1853 decernere,
1693 1806 1926 1845 necesse
1965 1791 2085 1847 fuit
2125 1800 2194 1847 ut
2230 1790 2396 1848 inviti

172 1874 222 1901 “
252 1876 624 1944 cogerentur.
705 1868 783 1923 At
809 1877 902 1933 tu,
928 1868 1207 1940 quoniam
1246 1868 1363 1923 huc
1386 1867 1601 1923 venisti
1642 1867 1865 1924 bonum
1911 1871 2195 1927 nuncium
2227 1870 2392 1928 adfe-

170 1952 220 1979 “
246 1964 404 2015 renS,
430 1948 557 2021 ipse
584 1946 697 2003 illis
725 1947 956 2004 nuncia.
1035 1946 1195 2003 Nam
1222 1943 1274 2001 si
1299 1962 1411 2021 ego
1440 1946 1570 2001 haec
1595 1945 1822 2013 dixero,
1852 1948 2095 2005 videbor
2119 1950 2234 2007 illis
2259 1950 2397 2007 ficta

169 2032 219 2059 “
242 2028 433 2101 loqui,
468 2043 655 2099 neque
680 2028 765 2083 eis
793 2024 1155 2101 persuadebo
1196 2022 1421 2081 factum
1465 2026 1580 2081 hoc
1605 2042 1732 2081 esse
1759 2044 1794 2081 a
1817 2026 2106 2085 Barbaris.
2189 2026 2297 2084 Sed
2325 2037 2396 2085 tu

170 2110 219 2139 ‘¹
246 2122 353 2162 eos
380 2105 513 2175 adi3
562 2114 623 2161 et
650 2106 773 2179 ipse
800 2102 937 2171 illis,
962 2112 1031 2161 ut
1070 2122 1160 2161 res
1202 2104 1399 2167 habet,
1420 2104 1640 2161 indica.
1719 2106 1894 2167 Quod
1921 2106 2030 2163 ubi
2067 2116 2134 2164 tu
2175 2108 2396 2165 indicass

170 2181 219 2217 ‘⁶
248 2181 425 2251 veriS,
454 2186 505 2241 si
530 2183 620 2242 illi
646 2184 910 2257 persuasi
936 2184 1175 2249 fuerint,
1200 2191 1331 2240 tum
1354 2183 1592 2254 quidem
1618 2185 1844 2256 optime
1870 2202 1960 2239 res
1988 2186 2266 2256 habebit3
2299 2187 2396 2243 sin

172 2269 222 2295 “
246 2264 429 2320 dictis
456 2264 573 2319 tuis
600 2280 719 2319 non
747 2263 1129 2321 adhibuerint
1154 2261 1353 2327 fidem,
1382 2261 1624 2333 perinde
1651 2261 1823 2317 nobis
1847 2265 1994 2318 erit:
2027 2264 2244 2319 etenim
2277 2280 2397 2320 non

168 2348 218 2375 “
243 2342 507 2417 ampli-us
544 2342 874 2419 aufugient,
904 2342 975 2408 si,
1004 2350 1074 2396 ut
1113 2349 1175 2396 tu
1218 2340 1323 2409 ais,
1352 2339 1614 2413 undique
1655 2338 1830 2395 cincti
1873 2358 2079 2398 sumus
2105 2342 2182 2399 ab
2210 2342 2395 2399 hosti-

176 2427 225 2453 “
252 2421 421 2477 bu3.”

188 2525 195 2531 ·
254 2504 353 2557 81.
394 2497 587 2575 Igitur
613 2500 671 2555 in
696 2499 1011 2556 concilium
1040 2498 1339 2574 ingressus
1364 2498 1666 2565 Aristides,
1695 2515 1819 2555 rem
1847 2498 2126 2570 nunciat3
2167 2500 2394 2569 dicens,

169 2598 231 2635 se
254 2598 323 2636 etr:
349 2580 567 2652 AEgina
592 2582 793 2644 venire,
825 2586 881 2634 et
911 2596 1009 2651 per
1036 2578 1273 2633 hostium
1312 2594 1474 2634 naves
1511 2581 1570 2634 in
1596 2579 1828 2651 statione
1868 2579 2074 2635 locatas
2097 2596 2243 2652 oegre
2262 2598 2394 2653 per·-

170 2664 376 2715 vasisse
416 2660 674 2714 latentem
692 2683 713 2725 ,-
753 2661 1053 2714 universam
1094 2660 1239 2713 enim
1272 2659 1581 2713 Graecorum
1607 2657 1830 2713 classem
1853 2676 1889 2712 a
1915 2658 2215 2714 Persarum
2240 2661 2394 2715 navi-

172 2739 277 2797 bus
314 2754 429 2794 esse
472 2740 885 2794 circumventam
904 2760 923 2791 :
964 2754 1133 2808 quare
1170 2754 1227 2792 se
1267 2736 1382 2792 illis
1420 2736 1715 2803 consulere,
1744 2744 1810 2791 ut
1848 2738 1922 2792 ad
1939 2756 1942 2763 ·
1961 2739 2395 2813 propulsandum

173 2818 381 2873 hostem
406 2834 517 2875 sese
542 2822 869 2889 comparent.
914 2816 1025 2873 His
1050 2816 1245 2881 dictis,
1267 2815 1365 2871 ille
1392 2814 1690 2885 discessit3
1723 2814 1873 2871 inter
1899 2816 2007 2871 hos
2033 2834 2172 2874 vero
2195 2835 2396 2877 rursus

168 2904 306 2953 orta
348 2904 441 2951 est
480 2912 823 2952 sermonum
863 2889 1250 2969 disceptatio:
1296 2894 1560 2970 plerique
1603 2892 1766 2949 enim
1805 2910 1878 2950 ex
1923 2891 2173 2953 ducibus
2212 2897 2390 2969 fidem

177 2975 399 3033 nuncio
428 2992 549 3030 non
576 2974 991 3031 adhibuerunt.

254 3058 361 3111 8⁶2.
400 3053 563 3111 Dum
592 3054 655 3110 hi
677 3055 761 3109 ita
778 3052 1067 3109 increduli
1090 3059 1249 3117 sunt,
1278 3052 1515 3108 advenit
1540 3051 1794 3108 triremis
1833 3052 2150 3129 transfuga
2173 3054 2393 3111 Tenio-

176 3150 337 3201 rum,
368 3133 465 3188 cui
489 3140 735 3207 praeerat
762 3133 905 3188 civis
932 3130 1151 3188 Tenius
1182 3131 1499 3200 PanaetiuS,
1532 3130 1845 3187 Sosimenis
1875 3128 2067 3203 filius3
2101 3150 2234 3207 quae
2260 3152 2393 3189 om·

176 3230 315 3271 nem
346 3212 655 3269 veritatem
680 3210 907 3267 adtulit.
966 3210 1146 3273 Quod
1174 3208 1409 3283 quidem
1437 3209 1516 3266 ob
1544 3210 1772 3265 factum
1798 3208 2046 3283 Delphis
2074 3212 2134 3267 in
2165 3213 2394 3285 tripode

176 3308 398 3348 nomen
412 3290 737 3349 Teniorum
760 3290 1107 3364 inscriptum
1124 3290 1291 3346 est-in
1313 3307 1519 3345 eorum
1545 3288 1904 3363 populorum
1927 3290 2270 3347 nominibus
2291 3292 2394 3366 qui

175 3370 512 3427 Barbarum
536 3370 927 3427 debellarunt.
970 3368 1102 3425 I-Iac
1128 3369 1313 3445 igitur
1335 3368 1491 3433 navi,
1509 3384 1642 3441 quae
1663 3366 1734 3423 ad
1755 3364 2105 3427 Salaminem
2127 3370 2202 3425 ab
2227 3372 2398 3427 hoste

174 3448 520 3523 transfugit,
538 3450 721 3507 simul
746 3465 882 3505 cum
904 3447 1161 3504 Lemnia
1179 3448 1317 3504 navi
1344 3464 1479 3520 quae
1505 3453 1682 3502 antea
1707 3445 1778 3501 ad
1799 3446 2180 3505 Artemisium
2208 3458 2395 3505 trans-

174 3530 437 3603 fugerat,
462 3528 793 3601 completus
820 3536 909 3585 est
939 3544 1220 3584 numerus
1247 3528 1510 3590 navium,
1537 3524 1750 3598 quibus
1783 3526 1879 3579 usi
1912 3536 2052 3583 sunt
2079 3528 2294 3593 Graeci,
2327 3538 2394 3584 ut

174 3614 455 3663 trecentas
494 3614 556 3663 et
592 3608 893 3683 octoginta
930 3606 1292 3674 confierent3
1342 3605 1415 3661 ad
1458 3620 1638 3677 quem
1677 3603 2035 3676 explendum
2063 3623 2392 3671 ,numerum

174 3687 318 3745 duae
340 3700 521 3741 naves
550 3688 713 3761 prius
736 3686 1063 3743 defuerant.
2268 3694 2272 3699 ’

252 3768 354 3821 83.
396 3764 715 3840 Postquam
742 3766 1062 3821 Teniorum
1091 3762 1272 3820 verba
1300 3762 1474 3821 fidem
1503 3762 1692 3819 fecere
1718 3759 1962 3829 Graecis,
1993 3771 2120 3819 tum
2149 3760 2391 3824 demum

175 3843 247 3900 ad
296 3844 570 3901 navalem
612 3862 873 3919 pugnam
914 3860 1042 3900 sese
1082 3843 1146 3899 hi
1190 3850 1630 3916 compararunt,
1661 3850 1719 3897 et
1761 3842 1952 3915 prima
1998 3842 2147 3898 luce·
2175 3854 2393 3902 coetum

173 3930 503 3999 coegerunt
538 3931 1068 3999 propugnatorum.
1150 3921 1245 3977 lbi
1270 3930 1419 3979 tunc
1458 3938 1578 3994 prae
1615 3921 1842 3977 caeteris
1881 3920 2126 3977 ducibus
2151 3920 2396 3981 Themi-

174 4002 392 4061 stocles
418 4002 567 4059 bene
594 4002 752 4077 apud
778 4018 915 4058 suos
943 4020 1049 4075 pro
1076 4000 1357 4057 concione
1383 3998 1562 4056 verba
1596 3998 1771 4067 fecit3
1816 3995 1984 4068 cujus
2010 3998 2071 4054 in
2103 4016 2174 4056 eo
2203 4012 2393 4061 verte-

170 4082 356 4139 batur
382 4081 593 4149 eratin,
610 4088 680 4138 ut
700 4081 943 4137 meliora
956 4097 1202 4154 quaeque
1227 4075 1526 4154 pejoribus
1552 4087 1896 4153 opponeret,
1924 4076 2396 4155 hortareturque,

170 4174 259 4230 ut,
290 4176 684 4237 quoecumque
723 4160 783 4216 in
827 4160 1087 4217 hominis
1126 4166 1399 4217 naturam
1438 4164 1502 4214 et
1539 4156 1938 4215 conditionem
1985 4156 2292 4229 caderent,
2319 4178 2393 4218 ex

1234 4240 1341 4295 30
