2925 4992
1024 276 1508 337 CALLIOPE.
2243 280 2364 345 487
2477 233 2486 239 ⁹

175 435 265 505 qui
292 432 457 506 Regis
478 433 691 490 domam
726 434 831 492 illa
858 404 1175 492 calamitate
1201 435 1502 511 adfecisset.
1579 436 1750 511 Apud
1776 434 1984 493 Persas
2010 440 2206 493 autem
2241 450 2368 491 mu-

180 513 301 567 liere
324 515 650 583 ignaviorem
690 512 913 579 audire,
941 514 1264 571 maximum
1290 514 1670 588 opprobrium
1712 520 1817 571 est.
1896 514 1976 569 Et
2003 514 2104 569 ine
2145 514 2236 569 his
2263 512 2369 569 diu

174 590 379 647 auditi-s
406 590 777 666 indignatus,
790 590 1081 648 acinacem
1109 592 1337 659 eduxit,
1359 592 1778 650 interfecturus
1803 592 2105 650 Masisten.
2147 591 2258 647 Sed
2287 591 2370 646 ir-

177 675 430 726 ruentem
443 670 521 733 jn
552 687 689 725 eum
732 685 972 727 cernens
996 670 1364 745 Xenagoras,
1390 670 1644 727 Praxilai
1685 670 1860 734 filius,
1891 670 2373 726 Halicarnassen-
2463 722 2482 731 ,

174 746 268 811 sis,
295 764 329 801 a
354 754 519 821 tergo
560 755 725 804 stans
764 748 947 822 ipsius
973 751 1296 822 Artayntae‚
1324 750 1604 821 corripuit
1642 748 1926 813 medium,
1955 748 2372 821 sublatumque

175 825 477 897 prostravit
524 824 811 882 humum:
854 836 1029 899 atque
1070 824 1305 882 interim
1347 827 1718 883 adcurrentes
1767 827 2044 883 satellites
2083 826 2372 882 Masisten

174 909 558 973 protexerunt.
638 906 775 967 Quo
825 905 984 961 facto
1037 904 1379 979 Xenagoras
1432 912 1492 961 et
1545 904 1699 978 apud
1749 904 2063 970 Masisten,
2106 911 2167 962 et
2216 901 2375 976 apud

176 980 446 1047 Xerxem,
474 991 704 1038 servato
746 982 946 1049 fratre,
972 983 1225 1057 gratiam
1268 984 1431 1040 iniit:
1475 984 1554 1039 ob
1597 983 1868 1056 idemque
1909 983 2130 1039 factum
2172 978 2308 1038 dein
2337 998 2376 1035 a

178 1057 367 1114 Xerxe
392 1060 681 1116 universae
706 1061 925 1117 Ciliciae
963 1060 1273 1135 praefectus
1300 1069 1405 1117 est.
1486 1062 1558 1118 In
1585 1061 1810 1135 reliquo
1839 1060 2049 1117 itinere
2075 1059 2223 1115 nibil
2247 1076 2376 1116 am·

178 1135 326 1209 piius
350 1138 735 1195 memorabile
760 1139 1006 1195 accidit:
1049 1140 1243 1213 itaque
1272 1139 1480 1196 Sardes
1507 1140 1570 1195 hi
1599 1156 1828 1196 venere.
1897 1137 2248 1195 Mor-abatur
2273 1154 2379 1194 au-

176 1222 294 1270 tem
332 1222 481 1271 tunc
514 1212 790 1273 Sardibus
816 1216 1043 1273 Xerxes
1084 1215 1159 1271 ab
1198 1234 1269 1273 eo
1312 1217 1451 1273 inde
1497 1225 1764 1291 tempore
1803 1234 1920 1291 quo
1967 1222 2102 1291 post
2149 1214 2376 1272 cladem

172 1292 315 1351 mari
338 1301 667 1368 acceptam,
694 1296 939 1351 Athenis
966 1295 1227 1369 fugiens,
1258 1294 1411 1351 hanc
1440 1296 1500 1351 in
1530 1295 1736 1351 urbem
1765 1302 2022 1352 venerat.

252 1375 384 1427 103.
428 1369 709 1429 Sardibus
738 1373 922 1448 igitur
960 1373 1101 1428 dum
1130 1372 1356 1430 Xerxes
1386 1381 1669 1439 moratur,
1699 1390 1880 1429 amore
1905 1381 2050 1429 tunc
2075 1380 2266 1453 captus
2291 1378 2380 1429 est

176 1452 350 1507 uxoris
376 1450 647 1516 Masistoe,
674 1468 809 1523 quae
836 1460 895 1507 et
935 1451 1065 1525 ipsa
1102 1450 1184 1507 ibi
1224 1460 1363 1507 erat.
1442 1452 1648 1513 Quum
1691 1469 1832 1509 vero
1873 1453 2066 1507 missis
2107 1452 2209 1535 qui
2247 1468 2380 1507 eam

178 1527 529 1585 solicitarent
552 1528 701 1584 nihil
728 1527 1088 1603 profecisset,
1113 1545 1221 1585 nec
1245 1531 1363 1585 vim
1390 1530 1443 1584 ei
1473 1530 1647 1586 vellet
1674 1530 1908 1595 inferre,
1927 1531 2151 1586 ratione
2180 1528 2380 1585 habita

174 1604 361 1662 fratris
400 1606 499 1663 sui
538 1606 846 1677 Masistae5
891 1607 1075 1682 (quod
1122 1608 1317 1679 ipsum
1366 1608 1543 1663 etiam
1589 1608 1894 1664 mulierem
1943 1608 2202 1672 retinuit,
2232 1606 2382 1667 bene

174 1700 417 1759 gnaram
444 1684 561 1741 sibi
588 1685 709 1741 vim
738 1702 855 1741 non
887 1684 959 1741 iri
986 1685 1236 1741 inlatum
1261 1683 1311 1755 3)
1352 1692 1480 1741 tum
1510 1686 1628 1751 ille,
1656 1702 1840 1759 quum
1867 1686 2034 1741 nulla
2060 1686 2114 1741 ei
2143 1686 2258 1741 alia
2281 1685 2383 1756 via

178 1769 417 1836 pateret,
442 1761 573 1818 filio
599 1780 707 1818 suo
732 1762 917 1819 Dario
956 1763 1127 1818 hasce
1157 1764 1429 1819 conciliat
1459 1766 1714 1838 nuptias,
1747 1780 1960 1837 nempe
1992 1764 2172 1819 filiam
2203 1758 2381 1832 hujus

174 1836 421 1898 mulieris
448 1849 512 1897 et
534 1840 797 1916 Masistae
835 1841 923 1897 illi
964 1841 1066 1897 dat
1090 1856 1373 1911 uxorem3
1418 1848 1597 1905 ratus,
1625 1842 1812 1898 si·hoc
1851 1842 2107 1907 fecisset,
2140 1841 2374 1897 facilius

176 1934 239 1975 se
258 1926 441 1977 matre
478 1919 828 1992 potiturum.
907 1918 1042 1975 Hoc
1068 1918 1379 1975 conciliato
1416 1920 1822 1985 matrimonio,
1852 1927 1912 1975 et
1952 1920 2198 1993 peractis
2229 1935 2380 1993 nup,

170 1996 383 2054 tiarum
409 1996 783 2063 solennibus,
812 1993 957 2053 Susa
990 1996 1155 2054 abiit.
1236 1998 1373 2058 Quo
1402 2004 1475 2053 ut
1513 1999 1801 2075 pervenit,
1831 1998 2190 2069 uxoremque
2213 1996 2382 2061 Darii

178 2090 307 2131 suas
334 2076 396 2132 in
418 2075 575 2133 indes
606 2075 857 2149 recepit3
900 2082 1030 2131 tum
1073 2092 1229 2140 vero,
1260 2075 1479 2134 omissa
1517 2093 1700 2131 uxore
1724 2076 2006 2141 Masistae,
2034 2083 2382 2149 mutatoque

182 2168 394 2225 amore,
426 2170 679 2211 uxorem
724 2153 893 2211 Darii
937 2152 1202 2227 deperiit,
1228 2153 1494 2218 Masistae
1533 2154 1737 2219 filiam,
1776 2170 1964 2225 eaque
2009 2154 2232 2225 potitus
2274 2160 2381 2214 est,

184 2228 405 2289 Nomen
429 2232 577 2289 huic
598 2232 829 2289 mulieri
858 2232 1144 2305 Artaynta
1167 2230 1305 2295 fuit,
1865 2228 1874 2233 '

260 2314 402 2369 109.-
428 2310 549 2367 Sed
572 2310 915 2367 succedente
940 2316 1203 2383 tempore
1228 2315 1530 2383 comperta
1554 2326 1643 2365 res
1669 2316 1758 2365 est
1783 2308 1894 2365 hac
1921 2309 2156 2366 ratione.
2209 2310 2378 2365 Ame-

184 2391 319 2455 stris,
346 2406 485 2448 uxor·
520 2387 742 2455 Xerxis,
780 2388 1101 2451 amiculum
1144 2394 1409 2443 texuerat
1450 2389 1685 2465 ingens,
1727 2388 2113 2463 variegatum,
2149 2394 2210 2442 et
2251 2404 2382 2459 spe-
2461 2445 2468 2457 ¹

186 2473 339 2523 ctatu
374 2468 651 2543 dignum,
678 2466 835 2543 qnod
874 2465 1037 2522 dono
1074 2464 1237 2522 dedit
1263 2463 1462 2521 Xerxi.
1543 2468 1680 2530 Quo
1721 2465 1822 2522 ille
1847 2466 2190 2532 delectatus,
2222 2464 2383 2522 idem

186 2545 497 2603 amiculum
542 2545 777 2603 indutus
816 2544 1095 2601 convenit
1117 2544 1481 2619 Artayntam.
1561 2544 1814 2616 Jamque
1841 2562 2025 2617 quum
2053 2552 2113 2599 et
2141 2544 2250 2599 hac
2275 2542 2382 2599 de-

184 2620 421 2681 lectatus
466 2630 643 2689 esset,
662 2618 845 2692 jussit
893 2640 1049 2688 eam,
1078 2638 1185 2699 pro
1229 2638 1301 2678 eo
1347 2622 1502 2696 quod
1549 2622 1662 2696 ipsi
1704 2622 2152 2697 gratificaretur,
2193 2627 2388 2695 petere

184 2701 455 2775 quidquid
499 2700 607 2757 illa
644 2701 757 2757 sibi
788 2701 913 2758 dari
939 2698 1259 2769 voluisset3
1304 2701 1512 2756 omnia
1549 2701 1732 2767 enim,
1760 2718 1892 2775 quae
1930 2701 2184 2774 petitura
2211 2704 2384 2765 esset,

176 2788 639 2838 consecuturam.
715 2778 875 2836 Tum
918 2779 1021 2835 illa
1056 2783 1224 2853 (nam
1264 2778 1325 2834 in
1360 2778 1501 2835 fatis
1545 2784 1690 2843 erat,
1719 2788 1786 2835 nt
1827 2779 2037 2854 ingens
2082 2778 2388 2835 calamitas

188 2858 471 2915 universae
506 2856 751 2915 familie
790 2856 1184 2927 incumberet)
1223 2854 1409 2913 Xerxi
1454 2854 1792 2929 respondite
1838 2862 1878 2893 “
1908 2855 2198 2913 Dabis-ne
2238 2855 2389 2912 mihi
2470 2924 2475 2929 .

192 2940 230 2968 “
258 2936 404 3008 quod
435 2938 545 2993 abs
574 2943 631 2991 te
658 2943 856 3011 petam
878 2938 939 2992 ?”
982 2935 1063 2991 Et
1088 2935 1209 3001 ille,
1226 2931 1455 3007 quidvis
1485 2933 1678 3008 potius
1701 2934 1863 2991 aliud
1883 2934 2198 3008 petituram
2223 2934 2388 2990 illam

192 3021 365 3081 ratus,
394 3015 741 3087 interposito
759 3008 1149 3085 jurejurando
1175 3012 1458 3087 promisit.
1539 3012 1696 3069 Tum
1725 3012 2184 3086 illm-postquam
2219 3012 2386 3083 jura-

194 3092 275 3148 vit
310 3110 427 3159 rex,
458 3089 611 3149 nihil
646 3092 854 3157 verita,
884 3092 1179 3147 amiculum
1220 3090 1375 3147 istud
1424 3090 1610 3163 petiit.
1690 3090 1768 3147 At
1803 3088 2050 3157 Xerxes,
2075 3092 2138 3146 in
2179 3106 2388 3147 omnes

190 3187 251 3226 se
292 3180 483 3243 partes
532 3178 783 3237 vertens,
812 3170 949 3226 dare
992 3168 1322 3225 recusavit:
1372 3168 1563 3242 (nulla
1607 3170 1843 3242 quidem
1887 3168 2004 3225 alia
2049 3170 2122 3225 de
2161 3184 2389 3235 caussa,

193 3245 297 3304 nisi
321 3250 473 3323 quod
490 3249 787 3305 Amestrin
811 3248 1129 3315 metuebat,
1146 3246 1365 3303 veritus
1393 3264 1468 3303 ne
1495 3247 1570 3313 ab
1597 3246 1718 3313 illa,
1742 3242 2116 3321 jam-pridem
2145 3244 2205 3303 id
2229 3245 2391 3319 quod

192 3327 467 3401 agebatur
490 3328 853 3401 suspicante,
872 3328 935 3381 in
964 3326 1076 3382 hac
1102 3324 1275 3398 culpa
1294 3324 1821 3398 deprehenderetur
1841 3324 1888 3396 3)
1926 3326 2024 3381 sed
2051 3326 2225 3381 urbes
2253 3342 2314 3381 se
2339 3324 2395 3381 ei

190 3403 343 3461 dono
370 3406 650 3462 daturum
684 3405 788 3470 ait,
816 3413 875 3461 et
916 3405 1043 3459 auri
1082 3402 1435 3465 immensam
1458 3404 1605 3467 vim,
1635 3411 1696 3459 et
1733 3404 2046 3460 exercitum
2074 3404 2185 3460 cui·
2212 3418 2392 3459 nemo

178 3482 335 3538 'alius
378 3485 493 3540 nisi
534 3485 663 3557 ipsa
700 3481 1015 3556 praestatura
1054 3488 1224 3537 esset.
1304 3480 1415 3538 Est
1461 3488 1658 3537 autem
1708 3481 1818 3539 hoc
1845 3480 2145 3545 Persicum
2185 3482 2394 3554 utique

196 3560 432 3627 donum,
470 3561 781 3619 exercitus.
859 3562 937 3617 At
971 3560 1203 3615 mulieri
1239 3576 1360 3615 non
1407 3560 1727 3631 persuasit3
1773 3561 2035 3633 adeoque·
2071 3559 2394 3617 amiculum

194 3639 249 3693 ei
272 3638 449 3697 dedit.
530 3641 671 3701 Quo
704 3654 951 3698 munere
984 3638 1089 3693 ilia
1112 3654 1289 3709 supra
1328 3637 1572 3693 modum
1611 3638 1837 3711 gavisa,
1865 3638 2135 3713 gestabat
2163 3636 2390 3693 amicu-

197 3715 344 3782 lum,
368 3734 559 3791 eoque
582 3716 987 3790 superbiebat:
1033 3724 1095 3771 et
1118 3732 1247 3770 eam
1276 3713 1423 3770 illud
1451 3714 1664 3771 habere
1692 3718 1971 3790 cognovit
1992 3714 2289 3771 Amestris.

182 3828 186 3833 .
279 3800 405 3851 110.
431 3797 571 3858 Quo
598 3802 917 3869 comperto,
946 3794 1153 3868 regina
1179 3810 1299 3848 non
1330 3802 1452 3849 tam
1479 3794 1541 3848 in
1569 3794 1971 3858 mulierculam
1999 3793 2162 3849 illam
2187 3791 2394 3849 odium

199 3875 479 3947 concepit,
508 3890 685 3947 quam
726 3874 790 3929 in
830 3869 958 3941 ejus
994 3878 1268 3937 matrem,
1293 3870 1558 3928 Masistoe
1601 3888 1843 3929 uxorem
1874 3896 1890 3941 ς
1936 3872 2124 3944 eique,
2151 3878 2222 3927 ut
2259 3886 2393 3944 quae

203 3958 397 4007 auctor
412 3947 593 4023 hujus
616 3952 698 4007 rei
720 3954 815 4025 (nt
829 3950 933 4007 illa
958 3948 1228 4025 putabat)
1248 3957 1308 4005 et
1322 3948 1500 4004 unice
1518 3949 1581 4005 in
1608 3951 1780 4024 culpa
1799 3958 1973 4014 esset,
1992 3948 2236 4005 exitium
2261 3964 2392 4004 me-

202 4026 381 4087 ditata
404 4036 511 4087 est.
591 4028 798 4103 Itaque
838 4029 997 4085 diem
1030 4027 1381 4093 observavit,
1410 4042 1528 4099 quo
1565 4024 1808 4084 maritus
1841 4027 2025 4099 ipsius
2051 4026 2277 4083 Xerxes
2304 4043 2394 4082 re-

204 4103 359 4183 giam
402 4124 634 4165 eoenam
678 4114 804 4163 erat
849 4107 1283 4182 propositurum
1334 4105 1602 4183 (paratur
1645 4113 1844 4163 autem
1883 4106 2008 4163 haec
2053 4108 2208 4181 regia
2247 4120 2393 4169 eoena
