2925 4992
562 312 687 369 150
1118 306 1624 367 HERODOTI
1686 308 2054 371 HISTOR.
2109 310 2225 371 111.

562 477 605 501 “
634 467 895 524 fructum
918 464 1063 523 facti
1086 466 1401 541 percipiet;
1448 466 1554 540 qui
1579 482 1720 523 vero
1745 483 1808 523 se
1835 468 2008 527 nobis
2031 484 2330 543 opponere
2369 470 2706 538 conabitur,
2727 472 2780 529 is

562 556 603 579 “
634 565 707 603 eo
736 548 865 621 ipso
893 546 1077 603 bostis
1102 546 1431 602 declaratus
1456 554 1610 612 esto,
1637 563 1862 619 nosque
1889 546 2098 605 deinde
2121 548 2182 605 vi
2209 550 2654 624 penetrabimus
2677 551 2783 607 in-

586 633 755 692 ‘‚tus
782 634 841 680 et
868 642 1017 697 opus
1042 624 1507 698 adgrediemur.n

636 710 734 761 73.
776 704 919 761 Post
944 705 1067 759 haec
1090 704 1425 776 Gobryas‚‘
1434 702 1808 777 ‘Umquam-
1781 722 1908 771 -·,ne
1911 707 1942 729 '⁸
1979 704 2195 779 inquit,
2265 706 2418 763 ‘viri
2441 706 2646 773 amici,
2667 706 2776 763 bo·

560 763 859 841 “nestius
888 799 1195 855 possemus
1218 798 1560 855 recuperare
1597 782 1931 855 imperium,
1955 794 2082 850 aut,
2113 784 2164 841 si
2186 784 2442 875 recipere
2469 785 2620 841 illud
2647 802 2774 843 non

559 862 861 918 “licuerit
890 860 1085 927 nobis,
1116 860 1421 917 honestius
1440 860 1616 928 mori,
1631 876 1806 933 quam
1837 880 2014 929 nunc,
2044 862 2148 919 ubi
2176 864 2366 929 nobis,
2386 864 2526 919 viris
2556 863 2776 930 PersiS,

558 947 603 975 “
630 940 847 999 Medus
874 940 1055 995 homo
1080 940 1297 1013 Magus
1340 940 1612 1011 imperat,
1642 941 1806 1013 isque
1845 942 2158 999 mutilatus
2185 942 2446 999 auribus.
2527 941 2611 999 Et
2637 945 2772 1016 qui-

557 1026 883 1091 “cumque
908 1026 1171 1073 vestrum
1198 1018 1508 1092 aegrotanti
1535 1017 1810 1075 adfuistis
1837 1020 2138 1105 Cambysi‚
2167 1021 2369 1094 utique
2394 1020 2774 1089 meministis,

558 1104 795 1172 “puto,
822 1114 953 1170 quoe
978 1096 1099 1159 ille,
1124 1113 1311 1169 quum
1330 1095 1532 1153 finiret
1553 1092 2042 1168 vitam‚i1uunxit
2069 1098 2280 1165 Persis,
2299 1096 2782 1175 imprecatusque

584 1183 721 1233 ‘est
741 1192 865 1231 non
884 1175 1321 1233 connitentibus
1342 1190 1688 1247 recuperare
1702 1176 2046 1249 imperium.
2085 1193 2220 1250 quae
2233 1195 2340 1235 uos
2357 1184 2506 1235 tunc
2521 1178 2770 1251 quidem

584 1262 750 1313 ‘non
776 1248 1255 1319 admittehamus,
1284 1253 1387 1309 sed
1429 1271 1533 1326 per
1565 1254 1920 1311 calumniam
1955 1254 2072 1313 dici
2115 1272 2154 1311 a
2177 1256 2468 1331 Cambyse
2508 1255 2768 1330 putaba-

586 1340 783 1391 ‘.mus
862 1331 1043 1389 Nunc
1080 1330 1269 1406 igitur
1314 1348 1548 1397 censen,
1579 1331 1764 1389 Dario
1805 1350 1934 1390 esse
1977 1334 2534 1407 obtemperandum,
2577 1352 2776 1407 neque

580 1420 703 1469 ‘ex
731 1413 845 1467 hoc
870 1420 1029 1467 ooetu
1052 1411 1333 1467 aliorsum
1360 1409 1800 1478 discedendum,
1827 1411 1942 1469 nisi
1969 1420 2130 1469 recta
2153 1414 2432 1469 adversus
2455 1412 2771 1489 Magum?

552 1490 705 1549 Haec
730 1490 945 1547 dicenti
974 1490 1249 1562 Gobryae,
1278 1506 1482 1546 omnes
1509 1498 1646 1547 sunt
1673 1490 1924 1551 adsensi.

632 1576 731 1632 74.
775 1568 936 1625 Dum
966 1569 1028 1624 hi
1056 1570 1139 1624 ita
1163 1566 1515 1633 deliberant,
1545 1586 1647 1640 per
1675 1568 1834 1627 idem
1857 1576 2092 1645 tempus
2119 1569 2331 1629 accidit
2371 1570 2524 1627 forte
2559 1570 2768 1629 hocce.

548 1646 857 1707 Placuerat
896 1646 1354 1713 deliberantibus
1379 1646 1601 1721 Magis,
1627 1647 1894 1705 amicum·
1911 1648 2026 1709 sibi
2067 1645 2382 1707 conciliare
2407 1648 2780 1737 Prexaspem

550 1735 683 1783 tum
730 1727 1013 1800 quoniam
1054 1726 1297 1799 indigua
1334 1725 1435 1781 ille
1474 1734 1600 1781 erat
1648 1743 1852 1798 passus
1877 1744 1914 1783 a
1939 1728 2254 1803 Cambyse,
2279 1727 2382 1801 qui
2411 1727 2596 1785 filium
2635 1725 2775 1799 ejus

550 1806 767 1881 sagitta
793 1806 1143 1870 transfixum
1172 1804 1577 1874 interfecerat3
1624 1812 1756 1860 tum
1783 1806 1942 1878 quod
1981 1824 2136 1865 unus
2178 1807 2334 1865 idem
2373 1815 2630 1863 mortem
2657 1826 2771 1865 no·

548 1891 715 1941 verat
740 1880 1019 1949 smerdis,
1048 1883 1187 1957 Cyri
1214 1882 1341 1948 filii,
1366 1882 1586 1957 quippe
1607 1884 1710 1956 qui
1729 1900 1836 1939 sua
1857 1902 2034 1943 manu
2059 1904 2194 1941 eum
2225 1885 2572 1956 occidisset3
2609 1903 2766 1978 ιιι-ε-

548 1970 711 2019 terea
736 1962 891 2035 quod
922 1978 1155 2020 summa
1178 1962 1528 2017 auctoritate
1553 1970 1678 2017 erat
1699 1963 1858 2033 apud
1885 1964 2103 2021 Persas.
2167 1962 2284 2021 His
2307 1964 2491 2037 igitur
2518 1965 2774 2021 rationi-

549 2040 665 2097 bus
690 2039 939 2107 inducti,
966 2049 1245 2097 vocatum
1270 2038 1341 2094 ad
1364 2056 1425 2097 se
1449 2038 1808 2126 Prexaspen,
1833 2059 2074 2114 operam
2097 2042 2388 2099 dederunt
2411 2050 2476 2097 ut
2495 2043 2762 2102 amicum

548 2119 661 2176 sibi
702 2114 1111 2193 adjungerent,
1142 2119 1254 2173 fide
1281 2118 1419 2173 data
1456 2127 1516 2175 et
1545 2113 1896 2188 juramentis
1943 2138 2082 2177 eum
2125 2121 2583 2194 obstringentes,
2609 2126 2768 2195 apud

546 2216 605 2254 se
632 2198 947 2255 habiturum
970 2216 1070 2253 nec
1094 2198 1201 2253 ulli
1224 2196 1425 2253 homini
1448 2204 1770 2269 aperturam
1793 2199 1998 2255 malam
2007 2198 2272 2274 fraudem
2297 2217 2408 2271 qua
2449 2200 2538 2255 illi
2563 2202 2772 2257 adver-

544 2294 637 2333 sus
668 2277 861 2335 Persas
890 2283 1207 2345 uterentur-,-
1246 2273 1590 2350 pollicentes
1613 2276 1690 2342 ei,
1719 2276 1958 2333 infinitis
1985 2278 2178 2340 modis
2201 2278 2502 2339 cumulate
2527 2295 2592 2335 se
2619 2297 2774 2339 eum

433 2414 435 2421 ,
544 2364 1036 2413 remuneraturos.
1118 2356 1397 2430 ldquum
1440 2372 1505 2411 se
1543 2354 1840 2415 facturum
1879 2356 2198 2431 Prexaspes
2241 2357 2573 2429 recepisset,
2601 2358 2763 2415 sicut

542 2436 598 2492 ei
626 2436 971 2509 persuadere
998 2436 1193 2492 conati
1222 2441 1393 2492 erant
1418 2434 1608 2509 Magi,
1637 2435 1900 2494 secundo
1940 2436 2072 2497 loeo
2113 2435 2274 2493 aliud
2323 2436 2378 2491 ei
2431 2452 2762 2510 proposue-

544 2522 717 2571 runt:
763 2522 1147 2572 convocaturos
1186 2532 1263 2580 se,
1318 2512 1573 2578 aiebant,
1623 2515 1896 2571 universos
1947 2514 2148 2571 Persas
2193 2514 2294 2571 sub
2344 2516 2508 2587 regioe
2557 2520 2756 2583 muris,

544 2593 833 2665 illumque
848 2592 1159 2661 jusserunt
1202 2608 1524 2649 conscensa
1564 2590 1712 2657 turri
1751 2592 2112 2659 concionari,
2140 2596 2256 2666 regi
2281 2593 2405 2649 illos
2437 2612 2476 2647 a
2509 2593 2758 2662 Smerdi,

547 2671 837 2745 Cyrifilio,
864 2688 962 2727 nec
984 2671 1051 2726 ab
1076 2672 1217 2729 alio.
1288 2669 1429 2727 Hoc
1448 2670 1504 2725 ei
1533 2668 1920 2738 mandabant,
1947 2680 2018 2729 ut
2041 2672 2146 2744 qui
2169 2689 2408 2739 summa
2445 2671 2563 2731 fide
2599 2684 2762 2731 esset

541 2750 699 2823 apud
730 2749 952 2816 Persas,
982 2750 1203 2824 quique
1220 2766 1375 2822 saepe
1403 2747 1704 2822 professus
1721 2758 1874 2807 esset
1893 2752 2072 2819 vivere
2091 2750 2366 2817 Smer-din,
2393 2750 2756 2826 Cyrifilium,
2764 2787 2772 2795 ·

540 2828 879 2901 caedemque
908 2829 1067 2885 illius
1095 2835 1490 2903 pernegasset.

617 2910 715 2973 75.
754 2907 1075 2982 Postquam
1100 2923 1161 2963 et
1186 2908 1298 2963 boc
1320 2924 1385 2963 se
1424 2908 1718 2965 facturum
1752 2907 2072 2983 P-rexaspes
2095 2910 2266 2976 dixit,
2293 2908 2488 2984 Magi,
2519 2927 2752 2967 convo-

540 2988 687 3045 catis
703 2986 917 3053 PersiS,
932 2983 1239 3057 jusserunt
1254 3004 1393 3051 eum
1412 2986 1806 3043 conscendere
1829 2990 2062 3057 turrim,
2079 2997 2140 3045 et
2152 2988 2510 3045 concionari.
2555 2991 2634 3047 At
2653 2990 2765 3047 ille

541 3066 803 3139 quidem,
818 3084 953 3139 quae
975 3066 1055 3122 ab
1081 3066 1170 3120 his
1193 3073 1435 3140 rogatus
1452 3074 1598 3131 erat,
1615 3082 1820 3123 eorum
1839 3066 2000 3123 ultro
2025 3068 2270 3133 oblitus,
2287 3066 2536 3124 exordio
2551 3076 2763 3127 sumto

540 3144 617 3201 ab
640 3145 1011 3210 Achaemeue,
1040 3161 1233 3219 genus
1258 3146 1550 3201 recensuit
1574 3145 1746 3215 Cyri3
1791 3154 1850 3201 et
1875 3155 2188 3219 postquam
2217 3146 2290 3201 ad
2315 3146 2478 3203 bunc
2501 3144 2754 3205 descen·

538 3223 629 3279 dit
666 3224 877 3290 oratio,
903 3224 977 3279 ad
1016 3230 1347 3285 extremum
1386 3222 1670 3285 beneficia
1707 3223 1908 3279 omnia
1931 3242 1970 3279 a
1995 3226 2150 3299 Cyro
2191 3225 2252 3281 in
2285 3224 2491 3279 Persas
2531 3225 2756 3283 collata

538 3300 1039 3359 commemoravit.
1118 3300 1353 3368 Quibus
1376 3300 1678 3375 expositis,
1705 3302 1932 3374 aperuit
1965 3306 2268 3369 veritatem,
2295 3320 2476 3376 quam
2505 3304 2692 3361 adhuc
2715 3324 2753 3359 a

537 3398 596 3435 se
620 3381 949 3435 occultatam
972 3397 1101 3444 esse,
1130 3380 1236 3446 ait,
1266 3396 1429 3451 quum
1456 3398 1564 3435 non
1591 3386 1771 3435 tutum
1797 3381 1900 3437 sibi
1920 3378 2146 3455 fuisset,
2174 3383 2231 3439 id
2255 3382 2400 3452 quod
2419 3378 2654 3453 sactum
2677 3386 2754 3441 sit

537 3460 744 3513 edicere
759 3482 779 3523 ,-
830 3460 891 3513 in
938 3460 1226 3529 proesentia
1276 3464 1459 3513 autem
1509 3459 1824 3515 necessitate
1871 3477 1930 3515 se
1971 3463 2110 3533 cogi,
2151 3467 2216 3515 ut
2258 3477 2444 3515 verum
2483 3460 2754 3518 declaret.

536 3536 706 3594 Dixit
745 3536 949 3611 igitur,
976 3554 1034 3591 se
1074 3539 1271 3607 ipsam,
1302 3543 1547 3593 coactum
1585 3554 1624 3591 a
1657 3536 1938 3611 Cambyse,
1965 3540 2220 3595 Smer-din
2263 3537 2396 3609 Cyri
2418 3538 2614 3611 filium
2653 3560 2752 3597 ne·

537 3633 701 3682 casse,
730 3622 783 3670 et
810 3614 1005 3686 Magos
1032 3633 1140 3671 esse
1166 3618 1263 3687 qui
1286 3634 1429 3671 nunc
1456 3633 1683 3689 regnum
1713 3622 1946 3675 teneant.
2007 3616 2280 3691 Denique
2306 3614 2541 3673 multa
2523 3636 2750 3692 unpre·

534 3706 703 3753 catus
730 3693 943 3757 Persis,
974 3692 1029 3749 ni
1060 3712 1307 3767 regnum
1339 3704 1764 3780 recuperarent,
1792 3712 2110 3768 poenasque
2135 3714 2172 3753 a
2191 3694 2392 3769 Magis
2417 3708 2752 3764 sumerent,

534 3774 609 3831 de
634 3774 779 3830 turri
802 3790 865 3829 se
892 3772 1269 3845 praecipitem
1278 3766 1506 3842 dejecit.
1552 3772 1608 3827 H
1613 3790 1728 3827 unc
1755 3773 1935 3831 finem
1965 3770 2280 3848 Prexaspes
2307 3772 2538 3842 habuit,
2557 3793 2752 3849 quum

534 3870 638 3927 per
663 3861 767 3908 tot·
768 3870 848 3908 un
874 3852 1057 3907 vitam
1088 3860 1348 3923 spectata
1373 3850 1488 3907 fide
1513 3852 1604 3907 vir
1629 3850 1856 3907 fuisset.

616 3936 711 3989 76.
754 3931 995 4004 Septem
1020 3947 1165 4003 quos
1194 3930 1319 3985 dixi
1352 3932 1566 3995 Persae,
1593 3940 1904 4002 postquam
1935 3931 2316 3989 decreverunt
2342 3932 2620 4024 protinus
2647 3934 2758 3993 ad-

533 4012 703 4085 gredi
728 4010 964 4083 Magos,
996 4025 1189 4081 neque
1230 4025 1351 4064 rem
1378 4008 1628 4075 differre,
1655 4021 2033 4083 perrexerunt
2059 4009 2208 4065 deos
2238 4011 2479 4083 precati,
2510 4030 2756 4086 prorsus

534 4089 725 4163 ignari
756 4106 975 4144 eorum
990 4105 1123 4160 quae
1162 4086 1317 4143 circa
1358 4083 1684 4159 Prexaspen
1723 4095 1856 4143 acta
1893 4096 2075 4145 erant.
2157 4086 2266 4145 Sed
2295 4088 2614 4148 dimidium
2645 4095 2761 4149 viae

533 4167 849 4251 progressi,
878 4184 999 4223 rem
1028 4165 1415 4240 comperiunt.
1495 4162 1704 4240 Itaque
1729 4165 1804 4223 de
1832 4167 1924 4225 via
1951 4167 2330 4240 declinantes,
2359 4166 2502 4243 quid
2529 4170 2760 4231 facien-
