2925 4992
536 289 657 351 ³08
1062 284 1576 346 HERODOTI-
1619 284 1720 345 HJ
1734 282 1984 348 sToR.
2035 280 2202 343 VIII.

548 444 663 503 sibi
704 442 1015 519 selegerat,
1041 460 1243 521 regern
1280 460 1469 519 usque
1507 442 1582 499 ad
1619 441 1842 507 fretum
1877 441 2136 501 deduxit.
2199 440 2538 515 ‚Postquam
2569 437 2752 495 rexin

550 515 685 581 Asia
722 520 857 587 fuit,
880 522 1215 601 Artabazus
1243 540 1381 599 γει-ο
1424 530 1812 598 retrogressus
1859 520 2016 577 circa
2049 518 2329 577 Pallenen
2372 516 2710 575 versabatur
2729 542 2752 589 ς

550 618 737 677 quum
783 598 1127 657 Mardonius
1168 600 1227 657 in
1271 596 1574 657 Thessalia
1616 609 1673 655 et
1719 598 2068 657 Macedonia
2107 600 2413 665 hiemaret,
2453 614 2571 653 nec
2615 611 2754 671 opus

550 687 703 737 esset
730 686 799 737 ut
838 678 963 755 ipse
1002 697 1137 737 cum
1183 678 1406 753 reliquo
1442 678 1699 737 exercitu
1727 696 1790 735 se
1820 674 2178 753 conjungere
2217 684 2594 751 properaret;
2639 691 2756 731 rem

554 774 678 823 sese
720 752 1024 833 indignam
1058 753 1364 828 judicavit,
1392 771 1577 833 quum
1609 758 1670 813 in
1699 756 2044 813 Potidaeatas
2087 755 2406 820 incidisset,
2436 754 2541 827 qui
2569 771 2606 809 a
2630 768 2760 827 rege

554 835 911 903 defecerant,
931 832 983 893 si
1008 837 1114 893 hos
1142 854 1261 893 non
1284 836 1345 893 iu
1374 836 1720 895 servitutem
1743 836 2048 910 redigeret.
2131 830 2372 890 Etenim
2401 832 2760 896 Potidaeatae‚

553 922 869 989 postquam
894 932 997 972 rex
1024 914 1171 971 fines
1202 932 1410 971 eorum
1433 922 1560 971 erat
1585 922 2048 989 praetergressus,
2077 921 2138 968 et
2163 912 2366 971 classis.
2389 910 2706 969 Persarum
2733 926 2765 963 a

557 992 859 1067 Salamine
898 993 1044 1069 fuga
1070 1012 1131 1051 se
1158 1000 1472 1067 receperat,
1497 1011 1574 1049 ex
1609 991 1872 1065 professo
1913 992 2248 1053 defecerant
2277 1010 2313 1045 a
2335 986 2648 1055 Barbaris,
2669 1004 2764 1063 pa-

556 1072 812 1145 riterque
852 1072 1059 1145 reliqui
1098 1071 1379 1131 Pallenen
1416 1071 1754 1127 incolentes.
1833 1070 2157 1128 Potidaeam
2195 1068 2380 1147 igitur
2417 1076 2572 1125 tunc
2600 1066 2766 1125 Arta-

556 1148 741 1206 bazus
769 1151 1156 1225 oppugnavit.

642 1232 772 1291 127.
812 1226 1149 1304 Suspicatus
1187 1246 1325 1285 vero
1353 1227 1536 1285 etiam
1559 1227 1872 1301 Olynthios
1897 1220 2286 1285 defectionem
2311 1244 2345 1281 a
2375 1243 2517 1301 rege
2543 1224 2764 1291 moliri,

558 1304 889 1381 Olynthum
925 1307 1102 1365 simul
1142 1306 1530 1382 oppugnavit.
1610 1306 1919 1363 Tenebant
1962 1325 2092 1363 eam
2130 1315 2272 1363 tunc
2309 1303 2578 1369 Bottiaei,
2607 1304 2714 1379 qui
2738 1319 2766 1357 e

560 1382 869 1443 Thermaeo
920 1386 1052 1443 sinu
1094 1404 1130 1443 a
1168 1385 1592 1447 Macedonibus
1634 1384 1872 1442 fuerant
1913 1380 2305 1459 ejectiz'quos
2350 1392 2674 1459 postquam
2712 1382 2766 1437 vi

557 1462 943 1538 expugnavit,
970 1464 1041 1521 ad
1068 1463 1265 1521 lacum
1292 1464 1532 1521 eductos
1561 1463 1863 1539 jugulavit
1884 1488 1902 1535 3
1947 1466 2154 1521 urbem
2185 1470 2382 1519 autem
2410 1460 2766 1521 Chalcidica}

556 1542 727 1619 genti
769 1542 1027 1609 tradidit,
1062 1542 1229 1617 eique
1271 1540 1644 1599 Critobulum
1667 1542 2042 1603 ,Toronaeum
2086 1541 2365 1616 praefecit.
2445 1538 2646 1613 Atque
2691 1538 2765 1595 ita

558 1622 893 1695 Olynthum
918 1620 1327 1679 Chalcidenses
1351 1620 1626 1678 habuere.

642 1703 771 1757 128.
813 1698 943 1755 Hac
968 1707 1329 1775 expugnata,
1359 1717 1558 1755 curam
1598 1716 1840 1757 omnem
1866 1697 2192 1760 Artabazus
2231 1697 2294 1752 in
2323 1695 2652 1753 Potidaeam
2683 1697 2766 1753 in-

557 1778 764 1841 tendit.
843 1778 965 1839 Qui
1003 1778 1145 1835 dum
1188 1778 1298 1835 hoc
1338 1786 1528 1843 curat,
1557 1778 1714 1833 ultro
1748 1795 1882 1835 cum
1913 1796 1984 1834 eo
2024 1777 2097 1833 de
2137 1775 2470 1850 proditione
2516 1776 2647 1851 egit
2670 1776 2767 1831 Ti·

552 1874 865 1935 moxenus,
894 1856 1017 1913 dux
1044 1852 1459 1913 Seionaeorum.
1527 1854 1648 1911 Hic
1674 1873 1792 1930 qua
1816 1858 1914 1913 via
1940 1852 2111 1912 initio
2137 1872 2282 1911 usus
2309 1854 2406 1921 sit,
2435 1854 2634 1911 dicere
2659 1872 2770 1911 non

555 1954 825 2011 possum,
850 1952 958 1991 nec
983 1934 1144 1991 enim
1175 1940 1569 1990 memoratur:
1601 1935 1702 1991 sed
1729 1942 2026 2008 postremo
2055 1951 2145 1989 res
2172 1932 2382 1989 accidit
2409 1931 2768 2004 hujusmodi.

558 1995 1049 2075 Quotieshtteras
1073 2013 1307 2069 mittere
1326 2020 1429 2069 aut
1446 2012 1808 2069 Timoxenus
1829 2014 2021 2070 voluit
2047 2011 2116 2068 ad
2139 2010 2530 2079 Artabazum,
2547 2022 2655 2069 aut
2671 2014 2768 2069 Ar-

556 2092 811 2169 tabazus
832 2088 907 2145 ad
922 2089 1336 2156 Timoxenum‚
1356 2089 1666 2163 epistolam
1688 2092 1909 2147 circum
1931 2089 2162 2165 sagittae
2187 2107 2390 2146 crenas
2413 2091 2767 2147 circumvol-

558 2169 795 2235 vebant‚
824 2177 883 2224 et
909 2166 1197 2241 adaptatis
1224 2168 1354 2234 alia,
1374 2169 1654 2243 sagittam
1684 2168 1743 2225 in
1769 2170 1991 2236 locum,
2011 2168 2082 2226 de
2102 2185 2218 2241 quo
2243 2170 2394 2226 inter
2421 2188 2526 2225 eos
2551 2186 2766 2225 conve-

556 2256 749 2315 nerat,
774 2246 1140 2323 emittebant.
1211 2248 1321 2309 Sed
1348 2247 1694 2321 proditionis
1723 2246 1884 2305 urbis
1911 2257 2242 2321 compertus
2271 2257 2360 2305 est
2387 2247 2768 2306 Timoxenus.

552 2324 799 2387 Etenim
824 2326 1165 2392 Artabazus,
1186 2325 1405 2401 sagitta
1431 2343 1634 2383 versus
1661 2326 2012 2383 destinatum
2039 2326 2238 2383 locum
2265 2326 2504 2392 emissa,
2535 2345 2574 2383 a
2597 2344 2765 2401 scopo

556 2406 855 2473 aberrans,
878 2404 1191 2461 humerum
1222 2404 1380 2460 feriit
1404 2403 1554 2475 civis
1581 2404 1934 2463 Potidaeatae.
2013 2404 2092 2461 Et
2119 2404 2432 2461 adcurrens
2457 2406 2764 2463 hominum

559 2480 757 2551 turba,
783 2491 853 2541 ut
878 2482 1002 2539 fieri
1038 2482 1099 2539 in
1137 2482 1292 2539 bello
1318 2482 1493 2548 solet,
1519 2482 1895 2539 vulneratum
1939 2484 2276 2541 circumstat
2296 2477 2320 2553 3⁶
2351 2482 2468 2558 ,qui
2494 2485 2766 2559 sagittam

558 2562 1009 2641 prehendenteS,
1038 2570 1107 2617 ut
1132 2560 1438 2635 epistolam
1474 2560 2038 2629 animadverterunt,
2067 2561 2333 2636 protinus
2361 2562 2437 2618 ad
2465 2563 2650 2619 duces
2671 2563 2764 2619 de-

558 2640 795 2702 ferunt:
840 2639 1277 2699 aderant.enim
1319 2638 1498 2695 etiam
1541 2657 1614 2695 ex
1654 2639 1783 2697 aliIs
1813 2639 2248 2697 Pallenensibus
2275 2641 2436 2697 socii.
2501 2636 2610 2700 'Ut
2637 2659 2764 2698 vero

558 2718 871 2795 epistolam
914 2716 1185 2793 legerunt
1232 2717 1431 2785 duces,
1475 2727 1888 2793 auctoremque
1939 2728 2351 2793 cognoverunt
2403 2719 2763 2793 proditionis,

560 2800 755 2857 visum
781 2805 868 2853 est
891 2796 976 2858 eis
1002 2796 1246 2855 crimine
1284 2795 1634 2869 proditionis
1674 2814 1796 2875 non
1835 2796 2136 2871 implicare
2174 2798 2601 2867 Timoxenum,
2631 2798 2764 2856 civi-

556 2877 694 2935 tatis
736 2874 1136 2932 Scionaeorum
1174 2876 1387 2951 gratia,
1422 2892 1496 2931 ne
1536 2870 1598 2931 in
1643 2882 1944 2948 posterum
1984 2893 2161 2933 omne
2204 2894 2401 2933 oevum
2423 2876 2762 2953 ,proditores

556 2973 693 3037 ‘esse-
712 2954 1188 3015 existimarentur
1214 2952 1483 3011 Scionaei.
1565 2952 1650 3011 Et
1681 2954 1782 3011 ille
1807 2954 2044 3029 quidem
2073 2954 2186 3013 hoc
2225 2948 2407 3013 mo'do
2433 2963 2758 3033 compertus

536 3045 663 3097 est.
878 3078 899 3094 ι.

552 3182 561 3191 ⁸
626 3104 775 3189 21'29.
814 3112 1133 3189 Postquam
1158 3120 1296 3169 tres
1334 3128 1569 3169 menses
1612 3110 1937 3169 Artabazus
1978 3112 2038 3168 in
2077 3110 2476 3189 oppugnanda
2510 3112 2764 3173 Potidaea

556 3194 677 3253 fuit
706 3199 1045 3266 occupatuS,
1072 3190 1282 3247 accidit
1309 3192 1496 3262 iugens
1521 3192 1690 3245 maris
1715 3209 1969 3258 recessuS,
1993 3199 2052 3246 et
2078 3192 2127 3248 is
2156 3192 2395 3267 quidem
2424 3193 2488 3249 in
2515 3193 2758 3271 longum

558 3271 877 3330 admodum
906 3277 1175 3343 tempus:
1218 3277 1279 3326 et
1296 3267 1558 3337 barbari,
1585 3268 1784 3329 locum
1811 3268 2072 3327 videntes
2101 3271 2388 3329 vadosum
2427 3272 2684 3339 factum,
2711 3274 2761 3329 in

556 3346 853 3407 Pallenem
899 3346 1145 3405 transire
1190 3346 1591 3405 instituerunt.
1671 3344 1756 3405 Ut
1798 3366 1938 3405 vero
1986 3346 2131 3405 duas
2179 3348 2290 3407 viae
2333 3352 2568 3411 emensi
2612 3360 2760 3409 erant

556 3435 779 3507 partes,
808 3434 869 3483 et
892 3434 1007 3483 tres
1048 3432 1240 3503 partes
1280 3424 1470 3481 adhuc
1510 3424 1749 3499 reliquae
1789 3435 2150 3500 erant,·quas
2191 3430 2440 3485 transire
2463 3430 2760 3505 oportebat

545 3504 549 3507 ’
554 3507 895 3583 priusquam
922 3505 982 3563 in
1007 3503 1282 3561 Pallenen
1308 3505 1695 3577 pervenirent,
1719 3507 2060 3580 supervenit
2085 3525 2322 3563 accessus
2347 3510 2522 3565 maris
2552 3516 2755 3575 tantus,

553 3592 816 3661 quantus
856 3600 1174 3656 numquam
1220 3591 1415 3649 antea,
1443 3591 1514 3639 ut
1545 3582 1779 3659 quidem
1821 3584 2113 3659 indigenae
2138 3584 2364 3653 dicunt,
2393 3586 2612 3655 fuerat,
2637 3586 2760 3645 licet

556 3682 713 3739 saepe
740 3680 995 3739 magnus
1022 3660 1263 3721 accidat.
1342 3660 1550 3734 Itaque
1579 3662 1931 3737 quicumque
1972 3681 2045 3721 ex
2077 3661 2195 3721 illis
2223 3664 2409 3721 nandi
2447 3675 2620 3723 erant
2656 3666 2758 3723 im·

554 3743 751 3821 periti,
779 3741 1112 3817 perierunt3
1158 3736 1261 3815 qui
1286 3756 1424 3795 vero
1461 3748 1662 3797 natare
1699 3747 1990 3815 poterant,
2021 3741 2130 3803 hos
2157 3740 2495 3803 Potidaeatoe
2523 3740 2758 3821 navigiis

556 3822 847 3899 persecuti
893 3820 1329 3883 interemerunt.
1410 3818 1695 3875 Caussam
1737 3828 1938 3877 autem
1973 3816 2151 3891 hujus
2194 3828 2372 3879 aestus
2397 3828 2466 3884 ,et
2503 3822 2758 3881 exunda÷

557 3894 759 3967 tionis,
788 3896 1254 3971 calamitatisque
1282 3895 1608 3963 Persarum,
1639 3896 1794 3955 hanc
1824 3898 2006 3955 fuisse
2031 3900 2197 3957 aiunt
2221 3900 2586 3969 Potidaeatae,
2613 3899 2756 3975 quod

554 3978 622 4053 hi
648 3978 828 4038 iidem
852 3976 1067 4045 Petam,
1094 3974 1197 4053 qui
1237 3974 1385 4031 mari
1424 3975 1746 4049 perierunt,
1776 3976 1838 4035 in
1861 3976 2123 4052 Neptuni
2161 3980 2454 4053 templum
2480 3988 2544 4036 et
2569 3980 2758 4037 simu·

552 4056 803 4123 lacrum,
848 4054 1007 4133 quod
1046 4055 1108 4112 in
1144 4051 1425 4127 suburbio
1464 4058 1573 4121 est..
1614 4053 1800 4127 impia
1839 4054 2106 4113 facinora
2147 4056 2504 4115 admiserant
2525 4072 2550 4114 a
2585 4074 2751 4133 quam

558 4150 821 4194 caussam
870 4133 954 4191 illi
1002 4150 1075 4195 ex
1119 4130 1211 4191 rei.
1246 4130 1492 4189 veritate
1534 4130 1806 4215 adlegare
1843 4132 2002 4203 mihi
2047 4127 2332 4207 videntur.
2415 4135 2752 4213 superstites
