2925 4992
824 316 832 324 -
918 272 1534 345 MELPOMBNE·
2231 282 2350 341 225

168 438 436 501 mercibus
480 441 653 505 fuerit
693 441 889 507 visum
909 466 927 512 ,ς
994 457 1105 497 nec
1129 440 1263 499 illos
1301 440 1590 501 mercibus
1617 436 2106 515 prius-imponere
2128 454 2344 505 manus

166 536 319 592 quam
346 518 455 595 ipsi
480 522 837 595 accepissent
854 518 1091 577 aurum.
1823 516 1836 531 ¹
2255 519 2262 527 '

239 602 354 661 197.
394 598 481 656 Hi
506 612 645 656 sunt
671 600 880 657 Africae
921 597 1149 673 populi,
1178 615 1327 672 quos
1362 600 1530 673 potui
1561 600 2071 656 commemorare:
2119 606 2178 655 et
2219 596 2330 656 ho-

165 694 281 733 rum
304 678 533 751 quidem
556 678 819 752 plerique
846 676 1161 733 Medorum
1206 696 1405 753 regern
1448 696 1640 751 neque
1680 696 1836 733 nune
1875 687 2104 745 curant,
2148 694 2334 751 neque

166 760 291 811 tunc
312 756 491 813 ullam
520 753 645 829 ejus
680 748 1012 813 habuerunt
1054 756 1361 819 rationem.
1442 758 1576 815 Hoc
1618 756 1754 813 vero
1797 757 1990 813 solum
2033 756 2224 813 adbuc
2249 752 2360 838 de]

165 832 259 891 hac
282 843 427 891 terra
453 836 767 897 dicendum
794 836 1007 901 habeo,
1036 834 1269 905 quatuor
1294 837 1537 893 nationes
1564 834 1726 893 illam
1758 834 2028 902 incolere,
2057 853 2160 891 nec
2201 834 2332 909 plu·

167 928 260 977 rcS,
285 914 467 985 quoad
495 933 599 971 nos
638 914 950 975 novimus:
998 931 1249 987 quarum
1292 914 1423 971 duae
1469 915 1768 989 indigenas
1815 931 1994 983 sunt;
2039 914 2168 983 duae
2198 931 2333 971 vero

163 1007 265 1046 non
302 1002 449 1049 sunt.
531 992 749 1067 Libyes
775 1002 833 1057 et
854 988 1193 1065 AEtbiopes,
1225 992 1515 1071 indigenae
1533 1019 1552 1065 i
1599 993 1688 1055 illi
1717 994 1789 1049 ad
1831 994 2360 1065 septemtrionem„

165 1070 215 1124 hi
254 1070 319 1125 ad
368 1072 671 1132 meridiem
728 1072 1078 1135 habitantes,
1183 1070 1488 1133 Phoenices
1543 1090 1680 1131 vero
1730 1082 1788 1131 et
1836 1072 2050 1145 Graeci,
2096 1070 2356 1137 adveuae.

162 1156 291 1205 sunt.
794 1150 799 1157 ’
1513 1190 1520 1199 ·
2321 1202 2354 1215 ..

233 1230 349 1289 198.
378 1228 642 1288 ,Videtur
663 1226 811 1289 mihi
834 1237 1033 1289 autem
1048 1228 1320 1297 ‚bonitate
1338 1228 1447 1285 soli
1473 1232 1814 1305 neutiquam
1833 1238 2102 1305 praestare.
2121 1230 2334 1307 Libya,

163 1312 219 1359 ut
240 1324 363 1367 cum
392 1308 531 1364 Asia
555 1317 663 1367 aut
687 1327 823 1367 cum
851 1308 1087 1383 Europa
1112 1310 1297 1383 possit
1324 1308 1571 1365 conferri
1592 1336 1611 1381 3
1648 1322 1891 1385 excepta
1913 1312 2039 1367 sola
2062 1310 2214 1387 Ciny
2257 1328 2330 1385 ες
2353 1344 2358 1349 -

163 1400 282 1441 nam
322 1387 473 1447 idem
504 1382 735 1463 regioni
768 1396 985 1444 nornen
1010 1396 1099 1445 est
1138 1395 1314 1461 atque
1356 1386 1556 1444 fluvio.
1637 1388 1784 1447 Haec
1823 1407 1962 1446 vero
2005 1390 2168 1462 regio
2238 1388 2362 1445 ru-'

159 1470 335 1523 ctuum
361 1466 679 1525 cerealium
704 1476 995 1541 proventu
1036 1484 1143 1541 par
1182 1475 1272 1523 est
1317 1466 1558 1539 optirnae
1601 1474 1885 1525 terrarum
1924 1469 2228 1540 omnium3
2273 1476 2334 1525 et

162 1541 369 1617 reliquae
408 1544 622 1619 Libyae
669 1562 905 1619 prorsus
947 1544 1262 1601 dissimilis
1360 1544 1556 1619 Habet
1607 1546 1768 1603 enim
1821 1543 2059 1623 nigrum
2100 1544 2356 1603 solumz‘

161 1620 541 1695 frequentibus
584 1625 809 1699 rigatur
844 1624 1148 1681 fontibus:
1196 1633 1256 1679 et
1299 1640 1407 1679 nec
1450 1623 1772 1681 siccitatem
1799 1626 1988 1688 timet,
2021 1637 2126 1680 nec
2167 1644 2202 1681 a
2245 1625 2338 1680 ni-

163 1701 275 1755 miis
300 1700 589 1758 imbribus
616 1702 902 1758 inundata
944 1702 1210 1771 laeditur3
1258 1702 1411 1775 pluit
1451 1702 1610 1757 enim
1655 1704 1714 1760 in
1746 1704 1866 1760 'hac
1905 1700 2110 1778 Libyae
2157 1695 2360 1777 parte.'

164 1772 541 1837 Proventuum
587 1781 867 1837 frumenti
893 1780 1096 1837 eadem
1126 1781 1273 1841 ratio
1306 1787 1414 1845 est,
1436 1780 1630 1853 ,atque
1664 1781 1724 1838 in
1769 1782 2127 1855 Babylonica
2170 1778 2339 1840 terra.

162 1855 254 1914 Est
278 1878 407 1915 vero
434 1862 618 1917 etiam
651 1861 806 1921 bona
834 1871 984 1919 terra
1012 1876 1189 1940 quam
1219 1858 1582 1932 Euesperitae
1623 1860 1828 1919 colunt
1852 1886 1868 1932 ς
1913 1879 2074 1926 nam,
2103 1861 2338 1935 quando

163 1936 398 1995 ubertate
440 1944 686 2013 praestat
712 1940 937 2007 messiS,
967 1938 1082 1999 fert
1124 1946 1275 1999 terra
1306 1938 1519 2001 horum
1546 1938 1892 2019 centuplum
1919 1965 1934 2013 ς
1978 1940 2080 2007 sed
2118 1936 2352 2025 Cinyps(

164 2018 596 2093 trecentuplum.
792 2074 799 2079 ,
1218 2018 1225 2025 ’
1657 2020 1664 2025 “
2351 2072 2358 2079 .
2389 2080 2398 2091 ,

231 2100 343 2151 199.
387 2099 711 2173 Cyrenaica
757 2100 941 2174 regie,
971 2116 1103 2175 quae
1150 2100 1437 2159 altissima
1483 2108 1574 2159 est
1621 2096 1798 2175 hujus
1844 2110 2066 2161 tractus
2113 2099 2357 2179 Libyae-,1

162 2188 312 2243 quem
339 2174 643 2233 Nomades
672 2186 897 2247 tenent,
927 2187 1045 2236 tres
1072 2180 1133 2235 in
1164 2197 1227 2237 se
1254 2188 1629 2256 tempestates
1657 2182 1940 2251 continet,
1968 2184 2184 2240 miratu
2210 2183 2342 2259 dig.

164 2268 265 2307 nas.
338 2253 612 2315 Primum
663 2256 990 2314 maritimus
1034 2264 1251 2335 tractus
1291 2258 1580 2319 fructibus
1627 2268 1842 2335 turget,
1870 2268 1932 2317 et
1973 2262 2042 2317 ad
2089 2279 2339 2332 messem

160 2330 616 2409 vindemiamque
654 2344 920 2395 maturus
960 2344 1067 2393 est.
1148 2336 1261 2394 His
1302 2338 1560 2395 collectis
1603 2338 1917 2405 fructibus,
1957 2338 2182 2397 medius
2223 2346 2354 2397 trav.

161 2419 289 2476 ctuS,
314 2430 487 2491 supra
534 2416 901 2477 maritimum
944 2420 1271 2489 porreetuS,
1296 2433 1476 2489 quem
1515 2416 1673 2475 colles
1717 2426 1946 2485 vocant,
1979 2410 2336 2491 maturescit.

162 2486 410 2565 Denique
452 2496 838 2566 comportatis
886 2512 959 2555 cx
1008 2494 1123 2551 hoc
1166 2492 1361 2555 medio
1404 2506 1595 2553 tractu
1641 2493 1952 2561 fructibuS,
1995 2504 2346 2573 turgescunt

165 2569 316 2625 etiam
364 2580 421 2627 et
469 2570 543 2627 ad
590 2572 994 2634 maturitatem
1036 2583 1426 2647 pervenerunt
1468 2574 1576 2641 illi,
1607 2574 1709 2647 qui
1757 2574 1815 2631 in
1863 2572 2146 2633 altissimo
2174 2584 2346 2633 terroe

163 2654 329 2707 tractu
379 2657 718 2712 nascuntur.
826 2652 919 2708 Ita
970 2652 1203 2725 quando
1257 2648 1463 2727 epotus
1516 2661 1924 2727 comest-usque
1979 2662 2068 2715 est
2121 2649 2344 2733 primus

163 2720 381 2793 fructus,
410 2737 559 2785 tunc
588 2737 917 2803 opportune
954 2732 1117 2790 adest
1157 2738 1451 2789 extremus
1479 2754 1490 2789 ε
1539 2732 1796 2807 adeoque
1823 2750 1924 2807 per
1950 2741 2082 2791 octo
2110 2750 2349 2793 menaea

165 2805 405 2863 collectio
432 2808 739 2867 fructuum
771 2810 1081 2883 Cyrenaeos
1109 2820 1377 2882 occupat.
1460 2810 1572 2865 Sed
1605 2812 1725 2866 haec
1754 2812 1990 2885 quidem
2015 2812 2352 2875 hactenuS.;

225 2886 347 2941 200.
385 2886 617 2949 ,Pensm
662 2887 735 2943 ab
762 2888 1030 2963 Aryande
1066 2906 1141 2945 ex
1183 2888 1454 2963 AEgypto.
1501 2889 1719 2947 auxilio
1763 2890 1928 2945 missi
1972 2890 2344 2957 Pheretimae,

159 2972 441 3043 postquam
469 2965 723 3023 Baream
763 2964 992 3034 venere,
1020 2963 1321 3024 obsidione
1362 2967 1678 3023 cinxerunt
1716 2967 1946 3031 urbem,
1975 2969 2345 3043 postulantes

160 3048 217 3096 ut
240 3044 600 3103 traderentur
627 3045 797 3103 caedis
824 3046 1103 3103 Arcesilai
1130 3053 1411 3103 auctores,
1493 3042 1601 3101 Sed
1646 3043 2038 3105 conditionem
2087 3066 2206 3109 non
2247 3064 2346 3103 ac-

163 3136 343 3193 cepere
366 3123 668 3197 oppidani,
701 3124 917 3205 quippe
956 3142 1208 3198 quorum
1230 3140 1234 3145 “
1255 3123 1526 3181 universa
1567 3123 1880 3182 multitudo
1910 3126 2196 3203 particeps
2221 3118 2348 3190 erat‘

162 3200 340 3272 culpae.
447 3198 659 3275 Itaque
712 3211 1136 3279 oppugnarunt
1186 3203 1435 3269 Baream
1494 3203 1683 3265 Persae
1748 3220 1958 3263 novem
2029 3204 2344 3261 continuos

162 3292 385 3347 menses,
416 3288 478 3336 et
504 3281 813 3339 cuniculos
852 3290 1093 3357 agentes
1120 3282 1331 3361 quibus
1360 3281 1419 3337 in
1448 3280 1653 3343 urbem
1697 3280 2004 3349 intrarent,
2033 3290 2094 3339 et
2119 3282 2342 3341 validas

160 3352 211 3411 in
232 3375 455 3427 murum
495 3361 915 3433 impressiones
953 3359 1253 3419 facientes.
1336 3359 1446 3415 Sed
1484 3360 1786 3419 cuniculos
1834 3361 2134 3436 indagavit
2174 3380 2350 3437 repe*

162 3432 327 3507 ritque
353 3437 521 3495 faber
548 3440 784 3499 aerarius
807 3457 967 3501 aeneo
988 3445 1171 3507 scuto,
1233 3438 1325 3495 Re
1344 3439 1506 3495 enirn
1535 3456 1732 3495 secum
1760 3457 2061 3513 perpensa,
2091 3442 2345 3503 circum·

160 3513 277 3569 tulit
300 3524 537 3579 scutum
567 3518 722 3573 intra
750 3535 1006 3585 murum,
1036 3524 1097 3575 ει
1124 3518 1459 3593 pavimento
1498 3517 1660 3573 urbis
1705 3514 1986 3580 admovit.
2066 3518 2105 3574 J
2109 3538 2204 3578 am
2230 3514 2347 3583 alia

163 3588 293 3658 loca,
314 3594 415 3650 ubi
446 3596 600 3652 illud
628 3594 997 3664 admovebat,
1022 3594 1199 3651 surda
1222 3602 1389 3653 erant
1414 3617 1426 3649 ε
1475 3612 1590 3667 qua
1617 3603 1778 3668 parte
1807 3615 1944 3656 vero
1977 3606 2142 3653 erant
2171 3593 2340 3653 euni·-

162 3670 283 3735 euli,
308 3672 388 3729 ibi
413 3692 637 3733 sonum
665 3675 873 3731 edebat
902 3692 979 3732 aes
1007 3674 1173 3734 scuti.
1214 3708 1223 3717 ·
1253 3674 1459 3746 Itaque
1487 3670 1703 3737 ibidem
1731 3692 1804 3731 ex
1828 3675 2070 3737 adverso
2097 3676 2343 3732 cunicu-

158 3745 267 3805 lum
313 3764 557 3825 agentes
610 3754 833 3809 Barcaei
878 3752 1303 3813 interficiebant
1352 3752 1556 3811 Persas
1610 3759 1824 3813 terram
1869 3752 2170 3811 fodientes.
2253 3752 2346 3809 lta

160 3820 398 3903 indagati
429 3832 687 3893 cuniculi
716 3841 873 3893 sunt.
954 3832 1379 3910 Impressiones
1407 3848 1546 3889 vero
1573 3832 1634 3892 in
1665 3850 1900 3895 murum
1929 3834 2112 3897 factas
2152 3830 2344 3897 valide

161 3907 501 3979 repellebant
528 3912 830 3985 oppidani.
2107 3960 2110 3966 .

224 3988 353 4045 201.
402 3988 520 4045 His
550 3993 721 4047 rebus
765 4008 951 4064 quum
999 3990 1255 4049 multum
1296 3994 1579 4045 tereretur
1620 3989 1920 4060 temporis,
1947 3988 2239 4064 multique
2266 4006 2339 4049 ex

158 4060 397 4139 utrisque
425 4068 725 4135 caderent,
757 4086 863 4125 nec.
890 4070 1187 4142 pauciores
1216 4085 1288 4125 ex
1312 4068 1621 4124 Persarum
1671 4086 1911 4122 numero
1939 4062 2112 4139 quam
2140 4086 2216 4125 ex
2240 4088 2346 4165 OF?

158 4138 511 4223 istrianorum,
542 4146 661 4209 dux
686 4146 1041 4229 pedestrium
1068 4147 1371 4221 copiarum
1402 4146 1632 4203 Amasis
1673 4146 1783 4203 hoc
1824 4145 2141 4208 consilium
2169 4145 2365 4231 capurn'

1176 4228 1214 4287 2
1246 4239 1287 4284 e
