2925 4992
288 3979 336 4028 fl

299 4087 360 4134 C

318 4315 342 4349 0

420 312 429 319 ·
516 296 635 354 uo
1079 286 1578 349 HERODOTI
1643 284 2016 349 metron.
2077 284 2200 351 111.

514 446 861 521 “estmihi
892 454 955 508 te
992 455 1217 522 tuoque
1241 446 1502 525 imperio
1533 446 1790 523 diguus:
1829 446 1982 505 tibi
1963 446 2162 523 igitur
2183 445 2358 511 inum
2381 442 2741 517 adferodoae

513 534 805 603 “noque.
800 531 836 551 ’⁹
922 527 1036 589 His
1077 528 1269 583 verbis
1308 526 1628 600 delectatus
1661 524 2018 599 Polycrates,
2047 526 2112 583 in
2149 525 2312 585 hunc
2341 524 2592 597 modum
2611 526 2750 591 ho·
2795 570 2802 575 .
2898 508 2899 515 ἵ

514 608 669 718 mini
716 606 1052 681 respondit:
1143 605 1376 661 ‘Recte
1412 606 1648 681 utique
1655 602 1868 671 fecisti,
1921 622 1990 663 ac
2035 604 2332 679 duplicem
2382 604 2497 677 tibi
2537 604 2752 675 habeo

516 685 867 796 “gratiam,
896 692 956 741 et
982 683 1261 741 orationis
1286 690 1431 749 tuae,
1475 694 1536 743 et
1563 683 1702 739 doni
1729 684 1976 746 caussa:
2021 690 2196 759 teque
2249 682 2324 747 ad
2367 700 2602 742 emnam
2627 701 2752 741 *vo-2

542 766 823 823 ‘camus’
943 762 1230 834 Piscator,
1275 762 1478 836 magni
1516 762 1642 817 haec
1681 762 1919 829 faciens,
1965 760 2208 822 domum
2267 760 2449 821 abiit.
2517 761 2754 831 famuli

515 860 678 909 vern,
696 842 851 899 dum
879 841 1101 915 piscem
1126 840 1439 915 dissecant,
1471 840 1772 913 reperiunt
1799 841 1863 897 in
1889 834 2016 911 ejus
2041 850 2248 901 ventre
2271 840 2534 902 annulum
2557 824 2752 914 Poly-³

518 922 703 980 cratis.
795 921 994 991 Quem
1038 928 1114 977 ut
1152 919 1449 985 viderunt,
1495 918 1764 993 protinus
1811 926 2172 992 correptum,
2215 918 2436 994 gaudio
2485 918 2750 991 perfusi,

518 998 593 1058 ad
637 998 1005 1073 Polycratem
1048 997 1339 1065 deferunt,
1380 988 1774 1072 nunciantque
1825 1015 1940 1071 quo
1982 1006 2178 1071 pacto
2181 1006 2462 1083 repertus
2507 997 2590 1061 sit
2627 1016 2750 1067 an-

518 1077 711 1138 nulus.
789 1078 839 1133 T
840 1094 946 1133 um
975 1073 1333 1149 PolycrateS,
1360 1094 1550 1169 quum
1590 1076 1814 1135 subiret
1857 1084 2118 1135 mentem
2143 1070 2272 1147 ejus
2299 1076 2586 1151 cogitatio
2609 1092 2754 1147 rem

521 1173 649 1213 esse
676 1140 966 1222 divinam,
1010 1155 1357 1230 conscripsit
1398 1156 1459 1211 in
1485 1154 1686 1214 libello
1729 1156 1952 1221 omnia,
1997 1172 2128 1229 que
2153 1162 2212 1213 et
2240 1155 2364 1229 ipse
2391 1154 2653 1221 fecisset,
2685 1160 2758 1224 et

521 1252 655 1313 quae
700 1234 809 1293 sibi
854 1229 991 1291 inde
1032 1233 1416 1294 accidissent:
1463 1234 1848 1308 libellumque
1893 1234 2066 1320 illum
2113 1235 2178 1291 in
2203 1232 2538 1309 AEgyptum
2580 1232 2760 1293 dedit

566 1312 961 1383 erferendum.

524 1332 563 1389 p
600 1394 697 1449 43.
738 1390 988 1457 Amasis,
1016 1392 1171 1447 lecto
1197 1389 1397 1449 libello
1424 1407 1599 1463 quem
1623 1389 1694 1449 ad
1719 1388 1888 1463 illum
1916 1391 2252 1465 Polycrates
2277 1390 2536 1457 miserat,
2564 1386 2756 1450 intel·

522 1472 689 1536 lexit,
716 1464 838 1525 fieri
869 1487 987 1525 ιιοιι
1017 1487 1189 1543 posse
1202 1478 1275 1527 ut
1300 1470 1482 1527 homo
1499 1470 1800 1541 hominem
1819 1487 2010 1530 ecasu
2029 1470 2232 1533 futuro
2249 1469 2482 1543 eripiat,
2507 1474 2570 1525 et
2585 1468 2758 1543 male

524 1550 711 1607 vitam
739 1548 1049 1613 finiturum
1075 1565 1203 1605 esse
1220 1547 1624 1622 Polycratem,
1645 1549 1744 1605 cui
1759 1548 2012 1621 feliciter
2037 1548 2244 1611 omnia
2269 1548 2497 1614 cedant,
2523 1546 2758 1623 quique

525 1628 730 1693 etiam,
758 1644 893 1703 quae
914 1622 1152 1697 abjecit,
1176 1644 1371 1686 rursus
1398 1627 2177 1701 inveniat.1taquemisso
2201 1626 2453 1686 Samum
2477 1642 2758 1718 puraeque

526 1707 815 1763 dissolvere
852 1723 929 1773 se,
949 1705 1123 1763 dixit
1158 1705 1468 1781 hospitium.
1549 1700 1619 1762 ld
1651 1713 1852 1779 autem
1895 1724 1965 1765 ea
1991 1724 2196 1776 caussa
2243 1704 2408 1772 feeit,
2433 1720 2535 1771 ue,
2565 1703 2620 1763 si
2647 1703 2758 1764 in..

526 1803 675 1861 gens
701 1790 761 1841 et
786 1785 983 1871 gravis
1012 1784 1313 1843 calamitas
1342 1784 1638 1860 Polycrati
1681 1784 2008 1853 accidisset,
2035 1785 2162 1859 ipse
2186 1801 2434 1846 moerore
2461 1782 2760 1849 adficere·

529 1873 625 1921 tur
655 1858 903 1937 hospitis
932 1880 1153 1920 caussa.

606 1942 709 1999 44.
752 1940 1045 1997 Adversus
1091 1942 1254 1997 hune
1294 1940 1482 2016 igitur
1527 1905 1912 2016 Polycratem,
1951 1940 2124 2003 rebus
2168 1941 2451 2001 omnibus
2487 1940 2758 2007 felicem,

527 2019 752 2077 bellum
782 2027 1093 2077 moverunt
1114 2019 1576 2086 Lacedaemonii,
1605 2022 1825 2079 auxilio
1854 2016 2044 2079 vocati
2071 2016 2331 2081 aSamiis
2351 2019 2491 2086 illis,
2509 2020 2616 2094 qui
2643 2018 2758 2079 de·-

529 2097 669 2155 inde
713 2097 1040 2173 Cydoniam
1084 2099 1149 2155 in
1198 2099 1373 2155 Creta
1412 2098 1614 2155 insula
1647 2101 1952 2157 coloniam
1997 2094 2442 2171 condiderunt.'
2491 2097 2758 2163 Scilicet,

532 2195 651 2251 quo
679 2182 944 2251 tempore
962 2176 1305 2249 CambyseS,
1338 2177 1476 2251 Cyri
1503 2177 1678 2244 filius,
1707 2179 1906 2252 copias
1921 2179 2199 2238 adversus
2219 2178 2556 2253 AEgyptum
2583 2193 2758 2235 eom-

530 2256 781 2333 paravit,
827 2256 1068 2312 miserat
1114 2256 1447 2330 Polycrates
1491 2257 1566 2315 ad
1607 2257 1966 2332 Cambysen,
1995 2274 2211 2331 rogans
2253 2265 2322 2315 ut
2367 2257 2550 2329 etiam
2585 2250 2662 2313 ad
2693 2271 2762 2311 se

534 2336 783 2393 Samum
824 2335 1105 2402 mitteret,
1154 2354 1191 2391 a
1236 2352 1415 2410 seque
1456 2336 1690 2408 copias
1677 2344 1980 2420 peteret.
2035 2335 2172 2398 Quo
2223 2334 2450 2401 audito,
2495 2333 2761 2395 libenter

536 2412 855 2487 Cambyses
884 2414 1129 2471 Samum
1158 2413 1419 2479 miserat,
1438 2422 1652 2487 petens
1677 2423 1748 2471 ut
1773 2408 2012 2471 navales
2035 2414 2234 2487 copias
2261 2430 2460 2472 secum
2488 2412 2762 2471 mitteret

536 2493 649 2551 adv
654 2510 815 2550 ersus
841 2490 1195 2567 AEgyptum.
1273 2492 1355 2549 Et
1380 2492 1482 2547 ille
1521 2511 1556 2547 e
1581 2493 1810 2550 civibus
1835 2495 2080 2551 selectos
2110 2494 2240 2559 hos,
2267 2509 2416 2566 quos
2445 2490 2762 2555 novanda·-

535 2589 669 2629 rum
715 2570 874 2627 domi
904 2588 1099 2627 rerum
1137 2570 1393 2627 maxime
1438 2580 1742 2645 suspectos
1773 2572 2008 2639 habeat,
2053 2572 2294 2633 miserat
2335 2588 2470 2630 cum
2503 2570 2762 2643 quadra·-

535 2648 710 2726 ginta
733 2649 1107 2716 triremibus;
1152 2648 1443 2705 mandans
1471 2650 1770 2723 Cambysi,
1798 2670 1872 2710 ne
1899 2650 2004 2712 hos
2031 2651 2371 2711 remitteret.

614 2731 712 2785 45.
751 2726 887 2785 Jam
910 2726 1115 2784 dicunt
1132 2727 1261 2795 alii,
1290 2724 1518 2785 Samios
1539 2729 1648 2785 hos
1673 2748 1712 2785 a
1736 2729 2040 2805 Polycrate
2067 2730 2298 2793 missos,
2325 2728 2382 2785 in
2409 2728 2759 2805 AEgyptum

364 2852 375 2861 .
448 2862 452 2868 ,,
540 2822 665 2863 non
690 2805 1065 2880 pervenisse3
1132 2806 1233 2861 sed
1273 2822 1459 2879 quum
1501 2806 1574 2863 ad
1618 2808 1980 2885 Carpathum
2023 2808 2276 2865 navibus
2321 2808 2648 2875 venissent,
2696 2825 2764 2866 re

537 2884 860 2941 deliberata
884 2885 1155 2955 statuisse
1185 2902 1305 2942 non
1333 2886 1580 2943 ulterius
1609 2888 1925 2963 navigare:
1973 2888 2072 2943 alii
2091 2886 2284 2951 aiunt,
2309 2886 2540 2945 venisse
2563 2903 2670 2961 eos
2685 2880 2762 2941 in

540 2963 897 3041 AEgyptum‚
926 2950 1125 3037 ibique
1166 2963 1350 3019 fuisse
1376 2964 1741 3033 observatOS,
1791 2966 1888 3023 sed
1919 2966 2065 3041 fuga
2100 2964 2236 3021 inde
2275 2966 2550 3021 evasisse.
2638 2964 2764 3027 Qui

538 3040 647 3099 ubi
696 3038 937 3099 Samum
990 3043 1431 3117 renavigarunt,
1480 3043 1813 3136 Polycrates
1859 3062 1998 3101 cum
2045 3044 2292 3109 navibus
2331 3044 2572 3101 obviam
2619 3062 2763 3120 pro·

540 3120 756 3188 fectuS,
786 3120 1057 3193 praelium
1082 3139 1214 3178 cum
1244 3121 1325 3179 eis
1354 3122 1683 3185 commisit.
1729 3141 1846 3196 qua
1876 3142 1948 3179 ex
1964 3140 2180 3199 pugna
2219 3138 2406 3195 quum
2427 3121 2764 3198 superiores

541 3198 939 3269 discessissent
963 3199 1027 3255 hi
1053 3200 1313 3267 reduces,
1343 3199 1405 3255 in
1438 3201 1694 3257 insulam
1721 3203 2180 3271 exscenderunt‚
2227 3208 2288 3257 at
2315 3207 2478 3271 tunc,
2505 3200 2766 3277 pedestri

541 3278 863 3338 commisso
889 3276 1112 3351 praelio,
1138 3278 1275 3336 victi
1302 3278 1609 3353 fugatique
1633 3288 1796 3347 sunt,
1825 3288 2003 3354 atque
2029 3281 2112 3337 ita
2137 3278 2626 3355 Lacedaemonem
2654 3299 2762 3339 na·-

542 3356 839 3431 vigarunt.
918 3352 1003 3411 Ac
1046 3364 1189 3413 sunt
1240 3357 1480 3430 quidem
1521 3358 1618 3431 qui
1647 3356 1864 3424 dicant,
1897 3360 2002 3417 hos
2028 3378 2101 3417 ex
2146 3358 2401 3433 AEgypto
2448 3360 2765 3419 redeuntes

544 3434 827 3491 devicisse
870 3421 1277 3508 Polycratem.
1338 3436 1519 3509 quod,
1560 3454 1694 3511 mea
1735 3436 1974 3510 quidem
2017 3436 2334 3505 sententia,
2382 3437 2604 3497 falsum
2652 3445 2766 3505 est.

544 3512 652 3569 Nil
679 3513 835 3569 enim
866 3530 1013 3586 opus
1034 3513 1242 3582 fuisset
1264 3512 1750 3571 Lacedaemonios
1775 3517 1996 3574 auxilio
2034 3534 2268 3581 vocare,
2298 3516 2349 3571 si
2373 3517 2516 3573 satis
2544 3518 2764 3576 virium

542 3592 657 3665 ipsi
699 3590 1061 3658 habuissent,
1110 3593 1325 3667 quibus
1365 3592 1734 3666 Polycratem
1775 3590 1846 3651 ad
1901 3596 2259 3653 deditionem
2317 3596 2764 3669 compellerent.

544 3670 633 3727 Ad
654 3670 777 3727 haec
796 3669 1141 3729 minimeest
1156 3669 1448 3739 credibile,
1462 3674 1558 3729 cui
1573 3680 1634 3729 et
1649 3674 2021 3731 auxiliarium
2035 3676 2530 3736 mercenariorum
2549 3683 2610 3731 et
2623 3692 2766 3749 pro-

544 3750 811 3825 priorum
834 3766 1060 3823 magna
1086 3750 1407 3807 multitudo
1434 3758 1649 3825 praesto
1688 3758 1832 3819 erat,
1861 3752 2019 3809 hunc
2045 3772 2084 3809 a
2107 3752 2493 3813 redeuntibus
2509 3754 2763 3824 samiis.

544 3830 766 3905 paucis
773 3844 1043 3892 numero,
1082 3828 1264 3885 fuisse
1302 3828 1622 3887 devictum.
1701 3830 1990 3889 Praeterea
2033 3832 2254 3890 civium
2301 3832 2416 3891 sibi
2461 3818 2766 3901 subjecto·

548 3924 683 3963 rum
713 3922 925 3971 uxores
952 3913 1012 3962 et
1038 3906 1271 3977 liberos,
1302 3902 1616 3965 navalibus
1663 3908 1938 3977 inclusoS,
1977 3912 2038 3967 in
2071 3920 2317 3983 promtu
2332 3910 2624 3969 habuerat
2651 3910 2768 3981 Po·

547 3984 839 4057 lycrates·
824 4028 841 4056 ‚
888 4002 1058 4058 qu05‚
1089 3986 1139 4041 si
1164 3986 1252 4042 illi
1290 4004 1429 4043 cum
1454 3986 1834 4045 redeuntibus
1877 3988 1948 4045 de
1988 3990 2331 4063 proditione
2354 3989 2645 4066 egissent,
2685 3990 2766 4049 si-

548 4063 681 4121 mul
706 4080 845 4119 cum
872 4064 1226 4120 navalibus·
1211 4082 1350 4141 igne
1378 4072 1504 4123 erat
1531 4073 1916 4123 crematurus·
2075 4092 2080 4095 ·

627 4143 723 4201 46.
768 4142 973 4217 Samii,
1004 4162 1042 4201 a
1071 4144 1371 4227 Polycrate
1398 4140 1592 4217 ejecti,
1618 4146 1978 4227 utSpartam
2005 4156 2318 4219 venerunt,
2343 4146 2668 4217 introducti
2691 4146 2767 4205 ad
