2925 4992
1034 306 1496 371 BUTERPE.
2257 313 2370 367 113

170 475 307 527 num
344 464 533 525 fuisse
568 470 861 523 trecennis
896 466 1287 541 quadraginta
1324 474 1628 533 cannam,
1660 466 1938 539 intraque
1961 482 2090 527 cas.
2119 466 2368 527 totidem

176 545 881 618 sacerdotesmtidemque
924 564 1093 621 reges
1116 546 1314 603 fuisse.
1392 547 1572 619 Atqui
1611 552 1888 603 trecentae
1927 545 2234 601 hominum
2261 564 2368 622 ge-

174 625 491 681 nerationes
546 624 817 683 efficiunt
858 624 1063 689 decem
1110 640 1401 689 annorum
1440 623 1662 693 millia,
1717 620 2196 699 quandoquidem
2250 632 2366 683 tres

174 702 473 759 hominum
500 710 704 759 aetates
731 710 969 759 centum
996 721 1189 763 annos
1214 701 1559 765 conficiunt.
1625 700 1780 761 ,Una
1806 712 2004 767 autem
2033 711 2092 759 et
2117 703 2364 778 quadra·

174 781 329 854 ginta
352 782 597 855 reliquae
636 788 861 847 oetates,
886 799 1021 854 quae
1060 799 1243 855 supra
1280 789 1572 844 trecentas
1611 788 1802 845 erant,
1839 781 2132 855 colligunt
2172 800 2366 859 annos

173 859 317 915 mille
340 867 639 919 trecentos
666 868 729 915 et
754 860 1159 935 quadraginta.
1239 858 1622 933 Itaqueintra
1647 859 1919 923 undecies
1945 860 2108 915 mille
2135 867 2364 919 trecen-

174 942 253 993 tos
276 943 333 993 et
354 938 757 1013 quadraginta
778 956 963 995 annos
986 938 1267 995 dixerunt
1290 938 1470 995 deum
1497 936 1736 995 nullum
1755 938 1865 993 sub
1891 938 2148 995 hominis
2171 938 2366 997 forma

168 1016 475 1087 exstitisse:
520 1026 701 1091 atque
744 1017 923 1075 etiam
966 1034 1077 1073 nec
1118 1024 1317 1081 antea,
1346 1033 1453 1073 nec
1479 1024 1702 1088 postea,
1745 1016 1808 1072 in
1852 1016 2086 1089 reliquis
2111 1016 2365 1095 AEgypti

169 1094 405 1169 regibus,
434 1096 560 1153 tale
586 1094 909 1169 quidquam
936 1096 1141 1157 fuisse.
1214 1094 1391 1155 intra
1414 1112 1554 1151 vero
1583 1092 1731 1149 iliud
1772 1096 2054 1168 temporis
2078 1098 2360 1171 spatium,

166 1171 439 1241 dixerunt,
464 1174 663 1231 solem
688 1182 895 1250 quater
918 1183 1085 1231 extra
1108 1190 1273 1229 suam
1304 1172 1503 1229 sedem
1531 1180 1726 1229 ortum
1754 1190 1879 1231 esse
1901 1199 1917 1243 ;
1965 1164 2176 1239 et„1'ibi
2205 1194 2361 1235 nunc

168 1252 378 1319 occidit,
408 1254 557 1311 inde
606 1253 699 1309 bis
738 1270 865 1309 esse
890 1260 1129 1323 ortum3
1174 1251 1331 1308 unde
1374 1268 1530 1308 nunc
1555 1251 1765 1317 oritur,
1795 1250 1878 1315 ibi
1905 1251 1994 1307 bis
2035 1254 2356 1320 occidisse:

169 1337 219 1396 et
242 1330 385 1387 inter
408 1332 543 1389 haec
570 1339 773 1387 tamen
814 1328 967 1387 nihil
998 1348 1231 1397 eornm,
1256 1347 1387 1404 quae
1412 1330 1478 1385 in
1506 1328 1772 1405 AEgypto
1809 1347 1940 1391 esse
1978 1328 2358 1401 consueru'nt,

166 1405 327 1465 fuisse
376 1418 725 1479 mutatum3
786 1427 977 1483 neque
1035 1408 1195 1482 quod
1248 1409 1319 1465 ad
1374 1417 1544 1475 terrae
1584 1416 1900 1481 proventus
1945 1406 2192 1479 adtinet,
2247 1430 2362 1473 nec

160 1486 299 1559 ,quod
324 1490 397 1545 ad
424 1508 498 1545 ea
524 1505 665 1562 quae
690 1488 907 1545 fluvius
932 1489 1075 1565 ipsis
1098 1488 1369 1563 largitur,
1393 1486 1685 1562 nec„quod
1699 1486 1771 1543 ad
1790 1486 2054 1557 morbOS‚
2077 1507 2182 1551 nec
2200 1490 2358 1570 quod

160 1565 227 1626 ad
250 1567 693 1625 mortalitatem.

234 1646 359 1703 148.
400 1650 607 1720 Atque
660 1654 799 1703 ante
858 1663 956 1703 me
1012 1644 1317 1709 Hecataeo,
1366 1644 1746 1705 historiarum
1795 1645 2084 1719 scriptori,
2136 1646 2357 1711 Thebis

160 1724 429 1799 originem
471 1727 719 1801 generis
756 1726 848 1787 sui
888 1724 1239 1789 recensenti,
1267 1722 1551 1795 illamque
1596 1723 1668 1780 ad
1707 1722 1881 1787 deum
1908 1732 2214 1799 tamquam
2251 1724 2356 1786 de.-

162 1802 361 1861 cimum
400 1812 651 1861 sextum
689 1803 1129 1877 progenitorem
1170 1800 1476 1868 referenti,
1517 1800 1676 1857 idem
1725 1802 1992 1859 fecerunt
2031 1804 2358 1869 sacerdotes

161 1878 334 1949 Joris,
360 1883 525 1956 quod
558 1882 729 1949 mihi,
758 1898 947 1957 genus
971 1898 1171 1939 meum
1200 1896 1323 1940 non
1350 1880 1687 1937 recensenti.
1763 1880 1838 1943 In
1871 1880 2058 1940 aedem
2095 1884 2356 1957 amplam

160 1976 245 2021 me
278 1962 745 2025 introducentes,
771 1958 1181 2017 monstrabant
1219 1959 1724 2033 numerabuntque
1761 1967 1982 2017 stamas
2009 1960 2240 2035 ligneas
2268 1970 2359 2021 tot

160 2047 287 2108 quot
306 2040 601 2097 dixerant.
683 2038 775 2095 lbi
816 2054 1067 2113 namque
1107 2036 1353 2111 quisque
1392 2054 1658 2097 summus
1698 2038 1986 2105 sacerdos,
2014 2038 2156 2103 dum
2182 2042 2355 2111 vivit,

162 2114 463 2193 imaginem
506 2134 683 2175 suam
724 2118 909 2191 ponit.
988 2116 1379 2175 Numen-antes
1427 2117 1612 2190 igitur
1647 2124 2163 2191 monstrantesqne
2204 2120 2355 2177 mibi

156 2193 311 2253 hasce
334 2198 659 2273 imagines,
688 2194 1023 2269 incipiendo
1056 2194 1131 2251 ab
1176 2213 1247 2251 eo
1290 2195 1393 2267 qui
1438 2194 1702 2267 proxime
1745 2202 2011 2259 mortuus
2039 2204 2184 2267 erat,
2213 2214 2354 2263 con·-

159 2272 450 2335 firmarunt
496 2276 679 2341 mihi,
705 2290 1187 2347 unumquemque
1225 2290 1353 2329 esse
1388 2272 1578 2333 filium
1619 2272 1878 2339 alteriue,
1903 2274 2172 2351 patrique
2216 2293 2352 2335 suc-

160 2354 411 2426 cessisse3
458 2362 645 2427 atque
672 2355 757 2411 ita
780 2370 986 2411 omnes
1016 2357 1436 2407 recensuerunt
1460 2351 1778 2425 imagines,
1805 2350 1991 2407 donec
2028 2353 2178 2409 mihi
2202 2371 2354 2409 cun-

151 2438 265 2492 §ltus
286 2432 815 2492 demonstrassent.
894 2430 1177 2504 Hecataeo
1203 2447 1341 2486 vero
1369 2446 1560 2505 genus
1591 2445 1768 2487 suum
1797 2432 2144 2495 recensenti,
2171 2430 2355 2507 origi-

158 2526 387 2584 nemque
430 2530 615 2569 suam
658 2528 697 2565 a
732 2518 903 2567 sexto
942 2508 1173 2565 decimo
1215 2508 1327 2563 deo
1372 2507 1748 2582 progenitore
1789 2509 2100 2581 repetenti,
2139 2509 2354 2576 horum

152 2590 581 2666 genealogiam,
616 2597 931 2665 postquam
970 2604 1175 2643 omnes
1214 2594 1716 2653 enumeraveram,
1745 2595 2182 2661 opposuerunt;
2227 2606 2354 2647 non

152 2666 521 2733 admittentes
564 2668 723 2743 quod
764 2668 865 2723 iile
908 2664 1275 2730 adfirmabat,
1304 2682 1381 2721 ex
1404 2664 1518 2721 deo
1556 2666 1826 2741 generari
1863 2666 2201 2723 hominem:
2243 2685 2352 2742 op-

150 2756 459 2817 posuerunt
500 2756 709 2811 autem
734 2746 846 2813 ita,
870 2752 941 2801 ut
964 2745 1247 2811 dicerent,
1273 2761 1750 2818 unumquemque
1775 2744 1990 2801 horum
2031 2762 2158 2803 esse
2190 2748 2348 2821 piro-

146 2827 272 2891 main,
296 2845 366 2886 ex
404 2829 623 2901 piromi
666 2832 891 2890 reatuum
928 2839 1135 2897 neque.
1160 2840 1197 2877 a
1238 2822 1348 2879 deo
1390 2822 1610 2897 aliquO,
1638 2830 1739 2880 aut
1769 2840 1806 2879 a
1829 2824 2110 2891 semidea,
2160 2843 2350 2899 genus

158 2902 375 2975 iliorum
396 2910 755 2980 repetentes.
834 2903 1073 2969 Piromis
1098 2906 1298 2957 autem
1326 2900 1534 2959 Graeco
1559 2918 1834 2959 sermone
1855 2900 2152 2977 significat
2175 2906 2352 2975 uirum

146 2982 359 3053 ,probum
382 2986 799 3055 honestumque·
836 2978 845 2990 ’

226 3063 351 3121 144.
389 3064 596 3140 Igitur
618 3064 749 3129 hos,
778 3078 1029 3135 quorum
1065 3058 1187 3117 illae
1223 3067 1367 3118 sunt
1392 3060 1704 3135 imagines,
1729 3059 1916 3122 fuisse
1937 3059 2086 3121 tales
2111 3059 2350 3123 adsever

148 3150 357 3209 ramnt,
395 3143 787 3215 multumque
828 3158 867 3195 a
906 3140 1021 3195 diis
1061 3138 1338 3195 diversos.
1418 3140 1572 3196 Ante
1618 3139 1890 3203 homines
1935 3146 2129 3203 autem
2178 3139 2344 3211 istos,

150 3216 433 3290 dixerunt,
486 3222 648 3279 deos.
684 3220 869 3277 fuisse
900 3218 1003 3291 qui
1032 3216 1101 3282 in
1123 3218 1391 3291 AEgypto
1442 3226 1814 3292 regnassent,
1869 3216 2164 3289 simulque
2213 3236 2350 3277 cum

146 3295 475 3363 hominibus
524 3299 693 3358 illam
733 3298 1129 3367 habitassent3
1174 3304 1233 3354 et
1258 3312 1333 3357 ex
1370 3296 1465 3359 his
1505 3313 1734 3369 semper
1774 3314 1964 3353 unum
2015 3295 2219 3363 fuisse,
2249 3298 2350 3371 qui

146 3372 435 3441 summum
472 3378 807 3452 imperium
858 3382 1103 3433 teneret.
1180 3372 1558 3431 Postremum
1596 3376 1808 3435 horum
1855 3375 1914 3431 in
1945 3374 2213 3450 AEgypto
2253 3380 2350 3443 [re-

144 3470 347 3528 gnasse
370 3458 595 3523 Orum,
646 3455 891 3513 Osiridis
932 3454 1147 3521 filium,
1172 3469 1351 3527 quem
1378 3453 1716 3527 Apollinem
1758 3453 1953 3515 Graeci
1995 3455 2344 3521 nominante

140 3533 297 3591 hunc
338 3536 531 3599 finem
571 3530 786 3594 fecisse
814 3532 1115 3608 Typhonis
1154 3532 1451 3606 potentiae,
1482 3538 1962 3609 postremumque
1999 3550 2074 3596 ex
2105 3532 2353 3601 deorum

154 3628 383 3671 numero
412 3631 625 3690 regem
662 3612 846 3669 fuisse
872 3611 1141 3685 AEgypti.
1221 3606 1407 3666 Osiris
1444 3621 1668 3678 autem,
1695 3611 2036 3673 Graecorum
2078 3628 2349 3687 sermone

150 3688 439 3769 Dionysos
466 3693 631 3766 (sive
654 3672 951 3763 Bacchus)
984 3696 1091 3748 est.

222 3774 353 3829 145.
386 3772 535 3837 Jam
584 3770 737 3843 apud
792 3770 1029 3827 Graecos
1082 3767 1325 3841 quidem
1380 3768 1692 3829 novissimi
1739 3768 1984 3828 deorum
2037 3776 2349 3829 censentur

142 3864 265 3906 ,esse
280 3850 579 3913 Hercules
606 3856 665 3907 et
691 3849 959 3914 Bacchus
982 3854 1043 3909 et
1064 3848 1213 3905 Pan.
1291 3848 1461 3920 Apud
1492 3847 1810 3921 AEgyptios
1845 3865 1984 3903 vero
2018 3846 2143 3903 Pan
2191 3849 2348 3905 anti-

146 3930 451 3998 quissimus
475 3952 491 3985 z
536 3935 628 3985 est
652 3929 817 3985 enim
856 3946 929 3985 ex
972 3934 1107 3983 octo
1146 3931 1470 3999 primorum,
1497 3928 1598 3999 qui
1643 3926 1942 3993 dicuntur,
1969 3926 2190 3981 deorum
2233 3942 2350 3991 nu,-

152 4022 339 4079 mero3
395 4006 689 4067 Hercules
739 4024 879 4063 vero
928 4022 1001 4061 ex
1042 4023 1297 4063 numero
1338 4002 1644 4073 duodecim
1688 4005 1947 4071 illorum,
1993 4004 2094 4077 qui
2126 4008 2348 4063 secundi

132 4087 545 4145 nominantur.
624 4084 897 4143 Bacchus
934 4100 1073 4141 vero
1112 4102 1187 4141 ex
1226 4088 1511 4141 tertiorum
1549 4100 1822 4149 numero,
1849 4082 1950 4156 qui
1977 4101 2013 4137 a
2033 4082 2345 4149 duodecim

136 4160 253 4237 {iiis
274 4166 543 4243 generati
566 4170 727 4231 suut,
806 4164 975 4237 Quot
1004 4180 1205 4226 annos
1240 4163 1538 4223 effluxisse
1557 4162 1760 4231 „dicant
1785 4158 2056 4251 AEgyptii
2081 4162 2158 4237 ab
2181 4150 2346 4249 ῌρῃ.

1226 4259 1270 4327 q
