2925 4992
1099 328 1574 393 CALLIOPE.
2327 332 2450 389 419

548 491 815 539 Gramineis
840 489 953 550 ripis
974 488 1125 548 Asopi
1152 489 1209 534 ad
1232 488 1598 535 Thermodontis

540 558 805 605 Baarbricae
832 554 987 601 Graiis
1010 555 1132 599 acies
1156 554 1359 599 clamore
1380 554 1593 602 coibunt.

526 624 649 669 -Hic
670 623 811 669 multi
832 618 1113 665 occumbent
1135 618 1345 663 defuncti
1368 633 1562 665 munere
1583 620 1714 678 vitae,

553 688 759 739 Quando
783 682 1054 747 sagittiferis
1078 683 1224 729 aderit
1249 684 1329 728 lux
1352 684 1522 729 ultima
1545 685 1712 732 Medis.

198 798 339 855 ‘hoc
365 799 571 873 igitur,
598 808 659 855 et
684 799 801 855 alia
824 798 917 855 his
944 798 1157 854 similia
1201 797 1437 864 Musaei,
1466 796 1738 871 equidem
1780 802 1922 857 novi
1973 802 2034 857 in
2077 802 2282 857 Persas
2334 818 2435 857 va·

211 878 431 934 lentia.
484 878 861 933 Thermodon
878 885 1075 933 autern
1096 876 1307 932 fluvius
1330 876 1480 931 inter
1499 878 1550 931 ’1
1553 895 1832 953 anagn-am
1853 880 1982 936 fluit
2009 889 2068 937 et
2085 877 2434 937 Glisantem.

299 958 401 1012 44.
444 956 761 1029 Postquam
792 955 876 1011 ita
899 955 1241 1011 Mardonius
1268 955 1341 1010 de
1366 955 1615 1010 oraculis
1653 958 2034 1033 interrogavit
2073 959 2272 1023 duces,
2301 958 2431 1014 eos-

210 1050 339 1106 que
364 1036 701 1091 cohortatus
728 1044 839 1100 est,
868 1034 1095 1108 ingruit
1120 1050 1261 1098 nox,
1290 1042 1353 1089 et
1376 1033 1638 1090 excubiae
1667 1044 1808 1092 sunt
1831 1037 2143 1109 dispositas.
2224 1040 2432 1098 Quum

208 1120 423 1168 autem
464 1109 594 1183 jam
639 1112 895 1167 multum
941 1130 1059 1167 nox
1106 1112 1500 1183 processisset,
1527 1113 1976 1187 viderenturque
2019 1116 2226 1171 omnia
2263 1124 2432 1171 tran-

207 1192 415 1264 quilla
456 1208 587 1247 esse
626 1191 689 1246 in
735 1192 961 1256 castriS,
988 1190 1361 1261 maximeque
1406 1191 1672 1247 homines
1715 1210 1928 1249 somno
1974 1194 2225 1267 sepulti;
2288 1202 2432 1249 tunc

206 1268 557 1325 Alexander
575 1268 849 1343 Amyntae
872 1269 1047 1334 filius,
1076 1269 1195 1324 dux
1222 1278 1285 1323 et
1308 1284 1409 1323 rex
1432 1268 1856 1337 Macedonum,
1883 1288 2035 1345 equo
2075 1273 2146 1327 ad
2191 1273 2429 1327 Graeco-

206 1364 357 1405 rum
410 1346 703 1405 custodias
748 1347 1047 1412 advectus,
1094 1364 1155 1403 se
1208 1362 1345 1432 cum
1392 1346 1629 1403 illorum
1681 1350 1929 1407 ducibus
1976 1351 2128 1406 velle
2173 1350 2432 1423 colloqui

206 1426 389 1483 dixit.
470 1424 551 1482 Et
594 1425 907 1482 custodum
934 1426 1169 1497 quidem
1210 1420 1402 1494 major
1442 1444 1576 1497 pars
1605 1428 1668 1481 in
1696 1430 1950 1483 statione
1995 1430 2236 1497 mansit,
2277 1444 2432 1484 non-

210 1504 381 1561 nulli
418 1521 573 1560 vero
600 1502 675 1559 ad
715 1504 893 1559 duces
942 1510 1339 1569 cucurrerunt,
1384 1505 1752 1572 nunciantes,
1779 1512 1828 1537 ‘
1857 1508 2084 1562 venisse
2129 1508 2434 1570 hominem

207 1589 262 1615 ‘²‘
296 1600 453 1656 equo
476 1590 711 1639 vectum
740 1600 775 1637 e
798 1582 999 1637 castris
1024 1581 1360 1647 Medorum,
1390 1583 1514 1653 qui,
1547 1583 1780 1639 nullum
1817 1585 1976 1640 aliud
2017 1587 2264 1642 verbum
2295 1602 2429 1659 pro-

204 1666 265 1694 “
296 1678 491 1726 mena,
520 1662 697 1717 duces
722 1661 1071 1718 nominatim
1098 1661 1483 1734 designasset,
1505 1678 1642 1717 cum
1666 1664 1885 1737 quibus
1909 1666 2163 1737 colloqui
2189 1682 2254 1731 se
2279 1664 2430 1721 velle

204 1745 265 1773 ‘⁸
294 1740 601 1797 dixisset.”

300 1816 557 1875 45;.His
584 1816 819 1885 auditis,
848 1819 1027 1875 duces
1068 1818 1339 1891 protinus
1392 1819 1461 1875 ad
1506 1822 1802 1877 custodias
1853 1822 1986 1879 illos
2035 1822 2219 1877 secuti
2269 1828 2428 1878 sunt.

202 1900 365 1959 Quo
412 1896 519 1952 ubi
562 1914 793 1962 venere,
838 1899 983 1953 haec
1002 1896 1119 1953 illis
1164 1898 1488 1953 Alexander
1527 1900 1709 1956 dixit·
1796 1900 1974 1958 ‘Viri
2002 1901 2422 1957 Athenienses!

206 1983 260 2011 ‘⁴
297 1972 493 2030 Verba
546 1975 671 2032 haec
716 1992 831 2049 ego
884 1977 945 2031 in
994 1984 1249 2031 vestram
1300 1976 1476 2031 fidem
1529 1979 1785 2052 depone,
1837 1996 2051 2055 rogans
2103 1985 2172 2034 ut
2223 1985 2434 2035 arcana

198 2060 261 2088 ‘⁴'
292 2053 581 2120 habeatis,
633 2072 739 2111 nec
790 2055 895 2110 ulli
936 2055 1063 2120 alii,
1112 2054 1225 2109 nisi
1267 2054 1612 2122 Pausaniae,
1651 2057 1930 2127 edicatis3
1997 2076 2070 2113 ne
2122 2055 2270 2113 mihi
2324 2070 2426 2114 ex-

206 2139 261 2167 “
284 2141 541 2189 tremam
586 2132 865 2189 adferatis
914 2133 1247 2205 perniciem.
1341 2132 1470 2187 Nec
1517 2137 1681 2191 enim
1747 2136 2012 2192 dicturus
2065 2137 2192 2192 haec
2241 2154 2427 2203 eram,

204 2218 264 2245 “
296 2210 413 2265 nisi
463 2211 537 2268 de
586 2212 857 2268 universa
908 2211 1135 2267 Graecia
1190 2210 1564 2267 vehementer
1621 2230 1810 2269 essem
1873 2215 2174 2269 sollicitus.
2283 2215 2427 2270 Sum

208 2296 267 2323 “
292 2290 459 2346 enim
486 2296 551 2345 et
572 2306 685 2364 ego
713 2287 1036 2362 antiquitus
1060 2290 1303 2343 Graecus
1327 2305 1566 2361 genere,
1595 2296 1656 2346 et
1707 2291 1887 2345 nolim
1941 2292 2226 2347 Graeciam
2255 2308 2326 2345 ex
2355 2292 2428 2347 li-

204 2373 263 2401 “
290 2367 563 2423 bertate
546 2384 609 2423 m
637 2369 978 2453 servitutem
1024 2367 1316 2423 redactam
1360 2366 1574 2422 videre.
1670 2368 1822 2423 Dico
1865 2369 2046 2443 igitur
2087 2370 2276 2439 vebia,
2311 2386 2426 2426 non

206 2452 265 2481 ⁴‘
292 2446 553 2532 potuisse
579 2442 887 2503 Mardonio
908 2441 1149 2519 ejusque
1172 2444 1453 2500 exercitui
1469 2462 1632 2501 sacra
1656 2464 1726 2501 ex
1751 2448 2044 2509 sententia
2071 2448 2236 2503 fieri.
2283 2449 2427 2503 alio-

208 2532 262 2557 “
292 2525 397 2599 qui
431 2519 561 2593 jam
601 2524 825 2611 pridem
870 2524 1070 2599 proelio
1120 2524 1534 2580 decertassetis.
1613 2524 1790 2581 Nunc
1837 2543 1976 2581 vero
2017 2526 2100 2581 eis
2125 2527 2425 2583 decretum

202 2609 267 2639 “
292 2609 409 2667 est,
441 2598 673 2659 valere
649 2604 829 2672 Jussis
858 2603 1176 2666 sacrificiis,
1206 2602 1397 2674 prima
1434 2601 1565 2658 luce
1607 2600 1872 2676 praelium
1899 2606 2304 2661 committere.
2351 2605 2427 2661 ti-

208 2688 266 2717 “
294 2690 423 2737 met
446 2681 605 2737 enim
634 2682 1007 2747 Mardonius,
1036 2689 1105 2735 ut
1132 2698 1245 2753 ego
1273 2680 1558 2753 suspicor,
1591 2700 1664 2737 ne
1703 2684 1896 2753 major
1921 2693 2182 2739 vestrum
2213 2700 2426 2739 nume·

206 2766 268 2793 “
298 2776 401 2815 rus
452 2761 782 2816 conveniat.
862 2760 951 2815 Ad
996 2761 1109 2815 hoc
1164 2776 1307 2833 ergo
1350 2776 1458 2813 vos
1508 2771 1856 2834 comparate.
1939 2763 2043 2817 Sin
2093 2762 2284 2817 differt
2326 2762 2428 2821 ine

210 2845 265 2871 “
294 2854 586 2912 pugnam,
610 2845 673 2895 et
700 2856 853 2893 nunc
888 2856 994 2893 vos
1034 2855 1157 2893 non
1182 2837 1556 2911 adgreditur,
1603 2839 1811 2895 durate
1837 2856 2031 2912 porro,
2061 2848 2120 2895 et
2146 2849 2423 2897 manete:

214 2923 267 2950 “
296 2917 523 2973 etenim
552 2932 671 2971 non
702 2914 819 2971 nisi
846 2933 1165 2988 paucorum
1196 2916 1387 2971 adhuc
1413 2915 1640 2972 dierum
1675 2918 1896 2973 cibaria
1919 2916 2198 2973 exercitui
2223 2934 2426 2991 superf-

216 3001 268 3029 “
294 3001 453 3050 sunt.
530 2994 705 3055 Quod
736 2996 784 3051 si
810 3012 949 3051 vero
980 2990 1157 3064 hujus
1184 2994 1318 3049 belli
1345 2993 1538 3050 exitus
1579 3012 1652 3051 ex
1692 3005 1886 3052 vestra
1911 2998 2174 3051 evenerit
2201 3004 2428 3053 senten·-

210 3080 267 3109 “
298 3073 405 3139 tia,
432 3074 610 3129 etiam
639 3074 755 3129 mei
800 3070 1095 3146 oportebit
1138 3090 1263 3128 vos·
1284 3088 1574 3128 memores
1600 3091 1746 3139 esse,
1775 3084 1834 3130 et
1875 3074 1948 3130 de
1991 3092 2086 3130 me
2109 3074 2426 3132 liberando

218 3158 267 3184 “
295 3151 580 3226 cogitare,
608 3150 712 3226 qui
734 3153 1077 3207 Graecorum
1102 3168 1305 3209 caussa
1328 3159 1453 3207 tam
1481 3152 1873 3223 periculosum
1902 3153 2128 3209 facinus
2157 3169 2264 3225 pro
2289 3172 2425 3211 meo

212 3238 261 3265 “
290 3232 359 3285 in
384 3248 492 3287 vos
518 3232 713 3287 studio
740 3231 987 3303 suscepi,
1016 3231 1257 3303 cupiens
1282 3230 1596 3286 consilium
1637 3231 1808 3287 vobis
1849 3232 2074 3304 aperire
2096 3232 2423 3301 Mardonil,

208 3316 260 3342 ⁴‘
292 3326 371 3365 ne
394 3308 639 3366 Barbari
680 3326 757 3365 ex
804 3308 1121 3382 improviso
1168 3325 1275 3363 vos
1319 3308 1582 3363 nondum
1625 3316 2024 3383 exspectantes
2067 3310 2426 3371 adoriantur.

216 3394 268 3421 “
302 3386 447 3445 Sum
464 3396 661 3445 autem
686 3387 1011 3445 Alexander
1028 3386 1311 3444 Macedo,
1321 3390 1333 3409 ’
1407 3386 1522 3442 His
1541 3388 1710 3443 dictis
1733 3388 1830 3445 ille
1855 3397 2007 3444 retro
2031 3390 2157 3464 egit
2185 3405 2424 3463 equum,

216 3473 283 3523 et
310 3465 373 3521 in
402 3474 590 3521 castra
614 3483 895 3539 suamque
924 3467 999 3521 ad
1022 3466 1335 3523 stationem
1360 3474 1451 3520 est
1475 3482 1760 3524 reversus.

295 3549 397 3601 46.
434 3544 697 3618 Moxque
721 3544 1167 3601 Atheniensium
1196 3542 1371 3599 duces
1414 3544 1490 3599 ad
1533 3545 1805 3601 dextrum
1849 3562 2036 3601 cornu
2064 3562 2124 3603 se
2153 3548 2422 3603 contule-

159 3647 168 3656 ¹
214 3628 383 3689 runt,
438 3630 497 3679 et
540 3619 867 3689 Pausanias,
916 3640 1049 3695 quae
1090 3640 1163 3677 ex
1202 3621 1530 3677 Alexandro
1573 3623 1936 3689 audiverant,
1987 3625 2424 3681 renunciamnt.

216 3704 361 3764 Quo
412 3702 627 3757 nuncio
676 3701 777 3757 ille
828 3703 1087 3766 territus,
1134 3699 1455 3772 Persasque
1495 3710 1786 3767 metuens,
1833 3701 1954 3757 haec
1985 3704 2120 3759 ‚aits
2189 3710 2229 3733 “
2255 3703 2425 3763 Quo·-

216 3788 260 3813 “
290 3780 451 3837 niam
492 3780 677 3853 igitur
708 3779 901 3851 primo
942 3796 1119 3835 mane
1164 3777 1439 3869 prael-'ium
1473 3776 1897 3847 committetur,
1925 3788 2160 3855 oportet
2200 3790 2272 3836 ut
2315 3798 2426 3837 vos

219 3866 265 3893 “
292 3858 679 3915 Athenienses
728 3858 1003 3914 adversus
1056 3857 1255 3913 Persas
1308 3857 1494 3923 stetis,
1524 3874 1632 3913 nos
1685 3865 1884 3915 autem
1933 3866 2140 3913 contra
2186 3859 2424 3917 Boeotos

219 3944 266 3971 “
294 3952 357 3993 et
384 3936 653 4003 (ἓι-ωοοε,ο
670 3937 773 4009 qui
796 3937 1075 4007 adversus
1102 3952 1209 3991 vos
1234 3935 1411 3991 locati
1432 3944 1614 4007 sunt3
1663 3937 1836 4009 idque
1865 3939 1972 3992 hac
1997 3953 2221 3993 caussa.
2306 3938 2423 3994 Vos

216 4020 264 4049 “
296 4015 489 4073 nostis
535 4013 749 4071 Medos
788 4022 847 4070 et
892 4016 1127 4072 illorum
1171 4012 1474 4089 pugnandi
1511 4032 1724 4089 genus,
1754 4016 1854 4088 qui
1895 4014 1970 4069 ad
2009 4014 2422 4074 Marathonem

216 4102 266 4129 “
296 4111 439 4154 cum
466 4092 551 4149 eis
578 4092 877 4167 congressi
904 4095 1083 4149 estis.
1130 4109 1239 4148 nos
1272 4109 1411 4147 vero
1458 4094 1670 4153 horum
1715 4093 2018 4151 hominum
2069 4093 2302 4150 nullam
2319 4112 2420 4149 ex-

217 4180 263 4215 “
290 4171 647 4255 perientiam
672 4188 865 4245 neque
906 4166 1173 4229 notitiam
1220 4170 1544 4248 habem=153
1587 4188 1776 4228 nemo
1797 4171 1958 4229 enim
2001 4172 2421 4247 Spartanorum

1232 4254 1267 4305 3
1302 4266 1342 4303 n
1374 4252 1433 4305 2
