2925 4992
560 328 676 389 170
1116 318 1618 379 HERODOTI
1674 318 2037 378 HISTOR.
2077 318 2192 384 nr.

558 498 693 554 quae
714 477 957 556 Syloson
990 477 1264 552 petiisset.
1342 477 1375 535 1
1378 484 1554 550 taque
1577 477 1650 533 ad
1678 494 1841 535 mare
1867 476 2168 535 descendit
2189 474 2438 543 Otanes,
2467 469 2771 545 trajicere·

558 570 675 633 que
700 558 1018 615 exercitum
1048 556 1287 628 paravit.
1991 574 1995 579 ·
2731 578 2738 585 -

648 638 776 692 142.
820 633 981 692 Sami
1008 643 1151 690 tunc
1182 634 1494 707 imperium
1527 634 1767 691 tenebat
1809 634 2194 701 Maeandrius,
2222 632 2532 691 Maeandrii
2583 632 2772 700 filiuS,

564 716 665 773 cui
690 733 833 771 cura
860 714 1024 787 regni
1054 732 1089 767 a
1116 712 1417 785 Polycrate
1460 713 1650 768 fuerat
1689 714 2018 769 commissa.
2099 712 2236 779 Hic,
2267 730 2451 786 quum
2477 711 2775 767 voluisset

564 794 655 849 vir
700 811 829 849 esse
868 792 1135 847 omnium
1182 787 1568 860 justissimus,
1601 792 1871 863 perficere
1909 792 2272 865 propositum
2317 808 2442 846 non.
2475 798 2776 863 potuerat.

562 872 885 946 Postquam
912 870 1068 925 enim
1101 870 1413 925 nunciatus
1454 870 1510 925 ei
1559 870 1829 925 inte-ritus
1855 879 1980 927 erat
2007 870 2345 943 PolycratiS,
2375 869 2565 924 haecce
2605 868 2776 925 fecit.

564 950 853 1014 Primum,
882 949 1039 1005 Jovis
1062 948 1395 1003 Liberatoris
1430 964 1590 1003 aram
1631 950 1965 1015 constituit,
1995 957 2054 1004 et
2077 948 2365 1021 templum
2407 947 2560 1002 circa
2601 946 2776 1002 illam

562 1028 913 1103 designavit,
960 1028 1070 1083 hoc
1112 1027 1304 1099 ipsum
1346 1026 1501 1098 quod
1547 1026 1724 1082 etiam
1769 1044 1928 1083 nunc
1965 1039 2056 1083 est
2097 1028 2161 1083 in
2203 1025 2502 1081 suburbia
2582 1024 2778 1091 Dein,

564 1108 680 1163 hoc
719 1106 999 1179 perfectu,
1028 1104 1303 1161 concione
1344 1112 1670 1167 convocata
1707 1106 1924 1161 civium
1961 1106 2252 1171 omnium,
2295 1104 2422 1161 haec
2461 1102 2624 1175 apud
2663 1120 2776 1159 eos

544 1186 745 1241 ,verba
772 1184 925 1241 fecit.
996 1189 1037 1220 “
1062 1182 1236 1247 Mihi,
1266 1191 1333 1237 ut
1356 1183 1536 1237 etiam
1551 1183 1736 1239 nostis
1763 1184 1897 1256 ipsi,
1926 1192 2221 1258 sceptrum
2242 1181 2560 1255 Polycratis
2589 1189 2778 1255 atque
2902 1222 2903 1265 y

566 1270 609 1298 “
640 1271 899 1337 potestas
938 1262 1137 1317 omnis
1171 1260 1488 1316 commissa
1512 1269 1636 1317 est:
1685 1261 1947 1337 nihilque
1991 1280 2145 1319 nunc
2183 1261 2474 1335 prohibet,
2503 1276 2626 1333 quo
2651 1260 2776 1315 mi·-
2845 1270 2850 1273 '
2902 1268 2903 1305 l

566 1347 609 1375 “
640 1358 749 1398 nus
778 1358 1028 1415 regnum
1057 1340 1117 1393 in
1148 1356 1251 1394 vos
1273 1356 1594 1410 capessam.
1674 1340 1952 1414 At,⁴quod
1981 1342 2042 1396 in
2074 1341 2202 1397 aliis
2229 1354 2342 1415 ego
2379 1338 2774 1410 reprehendo,
2902 1338 2903 1357 ¹

566 1426 611 1453 “
643 1420 700 1476 id
728 1418 917 1493 quoad
948 1420 1009 1473 in
1036 1434 1130 1471 me
1158 1431 1268 1481 est,
1298 1434 1419 1473 non
1446 1416 1658 1473 faciam
1685 1417 1846 1491 ipse:
1895 1434 2004 1475 nec
2029 1420 2192 1476 enim
2234 1418 2382 1473 mihi
2429 1417 2776 1489 Polycrates

568 1505 609 1531 “
637 1498 879 1572 placuit,
909 1498 969 1553 in
996 1496 1153 1552 viros
1180 1496 1289 1551 sibi
1332 1512 1499 1569 pares
1537 1496 1867 1567 dominium
1893 1514 2204 1569 exercens3
2254 1514 2362 1552 nec
2405 1496 2556 1551 alius
2603 1495 2774 1569 quis-

566 1582 609 1609 “
636 1594 837 1651 quam,
880 1576 983 1648 qui
1028 1574 1137 1630 hoc
1179 1574 1340 1631 facit.
1424 1571 1752 1649 Polycrates
1795 1577 1978 1651 igitur
2009 1594 2168 1632 nunc
2213 1576 2403 1630 fatum
2441 1590 2618 1629 suum
2665 1590 2778 1630 ex-

566 1662 610 1689 “
644 1656 865 1729 plevit:
908 1667 1023 1727 ego
1042 1670 1203 1719 vero,
1232 1668 1480 1727 regnum
1497 1653 1556 1707 in
1582 1654 1778 1709 medio
1793 1656 2112 1728 deponens,
2127 1652 2278 1723 juris
2306 1652 2777 1726 aequabilitatem

568 1741 609 1765 “
642 1734 813 1789 vobis
840 1732 1183 1804 pronuncio.
1262 1731 1528 1804 AEquum
1557 1740 1754 1787 tamen
1780 1750 2008 1799 censeo,
2037 1742 2103 1789 ut
2127 1734 2320 1789 hoecce
2349 1729 2496 1787 mihi
2521 1731 2778 1803 praemia

550 1818 609 1843 '“
632 1813 1007 1883 honoresque
1032 1810 1399 1866 tribuantur:
1446 1827 1518 1865 ex
1544 1812 1800 1881 pecuniis
1843 1811 2164 1885 Polycratis
2193 1812 2484 1887 praecipua
2527 1825 2632 1864 sex
2671 1817 2774 1865 ta-

566 1896 610 1924 “
636 1891 833 1946 lenta:
880 1900 1011 1943 tum
1038 1887 1426 1943 sacerdotium
1451 1888 1600 1943 mihi
1627 1891 1886 1962 meisque
1927 1890 1989 1944 in
2029 1908 2205 1946 omne
2243 1897 2476 1962 tempus
2515 1890 2777 1961 posteris

570 1975 614 1999 “
642 1967 879 2041 postulo
904 1967 939 2021 J
944 1967 1071 2023 ovis
1101 1965 1475 2031 Liberatoris,
1504 1968 1600 2022 cui
1641 1976 1700 2022 et
1743 1968 2032 2041 templum
2071 1986 2186 2045 ego
2225 1967 2516 2031 dedicavi,
2545 1974 2605 2021 et
2637 1968 2776 2039 [cu-

566 2053 610 2078 “
631 2042 731 2116 jus
758 2044 1019 2115 nomine]
1066 2043 1398 2100 libertatem
1438 2043 1608 2099 vobis
1635 2046 1853 2101 trado.”
1936 2046 2084 2104 Haec
2105 2064 2292 2120 quum
2314 2064 2352 2102 a
2379 2044 2583 2100 Samiis
2611 2044 2774 2100 Mae-

566 2124 807 2181 andi-ius
830 2124 1199 2195 postulasset,
1226 2136 1477 2196 surgens
1505 2122 1715 2197 aliquis.
1740 2125 1858 2180 ait:
1925 2132 1966 2157 “
1995 2128 2072 2181 At
2095 2142 2212 2181 non
2239 2132 2305 2181 tu
2325 2126 2545 2198 dignus
2571 2138 2634 2177 es
2661 2122 2776 2195 qui

568 2210 613 2237 “
642 2202 816 2259 nobis
846 2202 1115 2273 imperes,
1154 2217 1363 2273 pravus
1399 2201 1502 2275 qui
1543 2200 1710 2258 fuisti
1751 2214 1812 2257 et
1851 2203 2095 2276 pestifer
2135 2205 2352 2275 hom03
2394 2203 2538 2275 quin
2567 2200 2774 2275 potius

567 2286 610 2314 “
634 2281 933 2355 dignuses
960 2280 1061 2352 qui
1089 2279 1492 2353 pecuniarum,
1518 2296 1668 2351 quas
1695 2280 2136 2349 administrasti,
2165 2282 2369 2338 neddas
2399 2281 2754 2335 rationem.·'

548 2399 555 2405 -
650 2364 782 2415 143.
823 2358 971 2415 Haec
996 2359 1146 2415 dixit
1170 2358 1349 2429 horno
1374 2365 1668 2429 spectatus
1699 2358 1852 2415 inter
1875 2361 2051 2426 cives,
2079 2362 2177 2417 cui
2215 2367 2339 2417 erat
2387 2374 2611 2415 nomen
2652 2358 2775 2415 Te-

565 2438 882 2497 lesarchus.
954 2435 1108 2493 Tum
1149 2453 1287 2491 vero
1327 2436 1705 2501 Maeandrius,
1733 2454 1932 2494 seeum
1975 2449 2276 2511 reputanS,
2305 2440 2356 2494 si
2389 2437 2775 2495 domin-atum

564 2519 691 2591 ipse
718 2517 1057 2589 deponeret,
1108 2514 1235 2569 fore
1272 2524 1342 2568 ut
1388 2515 1538 2571 alius
1585 2516 1872 2589 quispiam
1899 2518 1980 2572 ‘in
2024 2519 2206 2592 ipsius
2239 2518 2440 2573 Iocum
2481 2524 2772 2589 tyrannus

566 2596 977 2659 constituatur,
1030 2610 1107 2648 ne
1160 2592 1397 2665 quidem
1450 2595 1702 2667 amplius
1751 2595 2040 2668 deponere
2089 2602 2440 2670 potestatem
2489 2593 2770 2649 decrevit.

568 2674 708 2738 Sed,
740 2680 1052 2746 postquam
1076 2672 1135 2727 in
1162 2688 1355 2734 arcem
1398 2680 1488 2725 est
1529 2688 1816 2739 reversus,
1845 2675 2112 2749 singulos
2156 2676 2430 2747 deinceps
2457 2672 2526 2727 ad
2555 2689 2622 2727 se
2647 2684 2776 2727 'vo-

566 2752 745 2817 cavit,
792 2750 959 2824 quasi
1007 2750 1293 2805 rationem
1345 2750 1675 2805 redditurus
1730 2752 2150 2809 administratae
2200 2754 2466 2827 pecuniae
2488 2761 2522 2821 3'
2549 2762 2776 2824 eosque

566 2829 1039 2901 comprehensos,
1068 2828 1127 2885 in
1162 2827 1403 2881 vincula
1441 2824 1710 2899 conjecit.
1789 2831 2080 2892 Quidum
2123 2833 2206 2887 ita
2251 2834 2313 2887 in
2357 2828 2624 2887 custodia
2650 2837 2774 2885 ser-

567 2914 806 2972 vantur,
834 2906 1094 2979 posthaec
1120 2904 1481 2961 Maeandrius
1505 2908 1566 2962 in
1597 2908 1874 2965 morbum
1912 2909 2134 2966 incidit.
2213 2910 2382 2966 Tunc
2409 2908 2594 2964 frater
2615 2903 2772 2975 ejus,

548 2985 663 3043 cui
714 3002 927 3041 nomen
974 2999 1097 3039 erat
1143 2984 1484 3057 Lycarettm‚
1524 2988 1878 3043 moriturum
1923 2988 2094 3044 illum
2141 2996 2324 3054 ratuS,
2365 3000 2482 3062 quo
2535 2985 2770 3041 facilius

566 3066 693 3137 ipse
722 3082 914 3119 rerum
944 3060 1099 3118 Sami
1130 3062 1435 3135 potiretur,
1465 3064 1694 3119 vinctos
1739 3074 1984 3121 cunctos
2025 3067 2334 3122 interfecit.
2415 3064 2542 3121 Nee
2585 3066 2770 3132 enim,

566 3152 637 3199 ut
666 3142 911 3209 videtur,
936 3142 1245 3199 voluerant
1269 3140 1355 3194 illi
1386 3143 1482 3215 [ca
1505 3142 1844 3199 conditione
1868 3162 2046 3218 qnam
2083 3147 2166 3201 eis
2209 3146 2527 3219 Lycaretus
2552 3158 2772 3217 propo-

564 3217 713 3289 suit]
747 3221 993 3275 liberari.
1535 3240 1538 3245 ·
1856 3217 1861 3222 ’
2092 3237 2099 3245 ·
2375 3245 2380 3255 ·
2496 3272 2500 3277 ,

654 3303 803 3354 144..
823 3299 959 3375 Jam
990 3304 1304 3372 postquam
1332 3298 1522 3355 Persa}
1543 3296 1786 3358 Samum
1821 3310 2125 3369 venerunt,
2157 3300 2522 3377 Sylosontem
2569 3306 2633 3362 in
2677 3324 2770 3362 re-

568 3392 757 3451 gnum
785 3372 1129 3442 restituturi,
1172 3394 1348 3431 nemo
1383 3394 1594 3433 manus
1635 3390 1836 3435 contra
1877 3398 1980 3436 eos
2021 3383 2254 3438 sustulit
2275 3406 2292 3437 τ
2337 3384 2461 3449 sed,
2482 3384 2592 3457 qui
2615 3386 2770 3441 Mae-

568 3454 773 3513 andrio
802 3454 1097 3519 favebant,
1127 3464 1301 3527 atque
1328 3452 1454 3529 ipse·
1479 3457 1654 3511 etiam
1683 3456 2058 3524 Maeandrius,
2085 3461 2334 3533 professi
2359 3469 2520 3526 sunt,
2541 3471 2774 3534 paratos

566 3550 623 3589 se
646 3550 757 3588 esse
778 3533 1037 3608 datafide
1054 3536 1301 3588 excedere
1322 3535 1519 3589 insula.
1587 3536 1780 3596 Quam
1811 3538 2222 3593 conditionem·
2249 3548 2436 3612 quum
2464 3541 2770 3612 probasset

560 3612 815 3680 ,Otanes,
845 3612 1134 3685 fidemque
1160 3612 1411 3668 dedisset
1433 3621 1494 3666 >et
1521 3614 1871 3686 accepisset3
1917 3616 2224 3673 Persarum
2263 3618 2773 3695 nobilissimi,·po-

569 3691 692 3747 sitis
718 3690 896 3755 sellis,
925 3708 999 3744 ex
1026 3690 1267 3745 adverso
1294 3691 1443 3746 arcis
1469 3692 1814 3749 residebant.
2249 3708 2254 3713 ·

654 3774 785 3825 145.
832 3768 1336 3824 Erat'Maeandt-io
1366 3778 1612 3843 tyranno
1655 3771 1836 3828 frater
1875 3774 2030 3829 haud
2075 3776 2212 3830 satis
2259 3778 2500 3851 compos
2531 3778 2767 3843 mentiS,

568 3848 815 3904 nomine
862 3846 1207 3917 Charilaus;
1252 3848 1375 3919 qui,
1404 3848 1560 3921 quod
1614 3852 1814 3906 nescio
1865 3852 2006 3926 quid
2041 3852 2382 3927 deliquerat,
2426 3856 2490 3909 in
2543 3857 2770 3912 subter-

570 3942 751 3982 raneo
778 3942 1004 3981 carcere
1052 3926 1287 4002 vinctus
1328 3935 1469 3981 erat.
1553 3928 1669 3983 Hic
1705 3937 1861 3995 tunc,
1889 3938 2201 4004 postquam
2247 3931 2770 4008 quaeg'erebantur

568 4003 815 4068 audivit,
844 4011 905 4059 et
930 4020 1029 4075 per
1056 4000 1298 4059 carceris
1320 4003 1634 4060 fenestram
1649 4004 2034 4081 prospectans
2059 4011 2258 4065 Persas
2283 4010 2770 4086 vidivtranquilie

573 4082 863 4148 sedentes,
910 4081 1210 4146 clamavit,
1232 4081 1451 4143 ‘dicens
1493 4083 1632 4139 velle
1673 4102 1730 4140 se
1766 4088 1825 4141 in
1868 4088 2192 4161 colloquium
2213 4090 2416 4145 venire
2441 4090 2768 4147 Maeandria

568 4161 707 4230 Quo
736 4159 958 4238 audito,
989 4158 1347 4227 Maeandrius
1374 4161 1624 4228 vinculis
1651 4180 1792 4229 eum
1817 4166 1969 4233 solvi
1997 4167 2314 4243 jussit,·ad-
2333 4184 2512 4244 aeque
2539 4168 2767 4229 adduci.
