2925 4992
1068 314 2429 387 POLYMN1.A.305

214 485 256 512 “
281 496 433 538 cum
455 480 800 573 Aristagoran.
821 482 1079 551 Milesio,
1107 502 1280 543 servo
1315 491 1541 551 nostro,
1568 491 1631 541 et
1662 484 1841 543 saeris
1883 486 2031 543 lucis
2070 486 2424 562 templisque

213 560 258 592 “
289 562 606 619 crematis.
639 562 846 619 deinde
870 580 1030 631 vero,
1057 564 1254 638 qualia
1277 572 1442 631 sunt,
1469 565 1685 637 quibus
1716 582 1823 622 nos
1846 575 2217 641 acceperunt,
2236 578 2420 639 quum

209 634 434 747 t‘Dati
455 648 518 697 et
541 641 906 715 Artapherne
931 642 1180 699 ducibus
1207 650 1422 699 terram
1453 644 1689 701 illorum
1718 660 1925 702 sumus
1953 644 2240 720 ingressi!
2287 663 2420 719 quo

239 718 438 773 ‘eatis
474 719 662 776 nostis
703 738 929 777 omnes.
1009 726 1062 777 8
1089 725 1145 775 3.
1187 721 1382 795 Igitur
1421 722 1513 777 his
1538 722 1781 794 quidem
1820 724 1891 781 de
1931 724 2153 783 caussis
2189 722 2417 783 benum

238 794 408 853 ‘illie
435 798 656 855 inferre
689 800 986 857 constitui.
1067 798 1254 855 Simul
1279 816 1442 869 vero,
1476 818 1598 857 rem
1638 810 1797 857 recte
1824 820 2073 871 mecum
2086 810 2413 877 reputatae,

205 877 248 909 “
280 874 540 933 mima
561 877 628 932 in
659 878 772 935 hoc
803 880 933 951 ipso
953 878 1266 939 commoda
1305 880 1555 951 reperio,
1582 880 1630 935 si
1660 887 1722 935 et
1748 881 1923 937 hosce
1950 889 2009 938 et
2036 900 2239 939 eorum
2272 882 2415 937 vici

231 958 413 1019 ‘mm
439 956 540 1027 qui
567 955 807 1029 Pelopis
828 958 1080 1031 Phrygis
1103 965 1316 1013 terram
1345 958 1639 1023 incolunt,
1666 960 2091 1034 subegerirnuS.
2133 962 2230 1017 Sic
2254 962 2413 1017 enim

233 1037 504 1091 ‘termm
531 1032 820 1091 Persicum
848 1036 1052 1091 aetheri
1077 1034 1248 1094 Jovis
1278 1036 1565 1091 faciemus
1604 1040 2065 1096 conterminam:
2116 1058 2225 1096 nec
2252 1040 2414 1097 enim

205 1112 458 1167 “aliam
498 1113 690 1169 ullam
727 1122 945 1172 terram
979 1115 1069 1170 sol
1109 1116 1407 1188 adspiciet,
1435 1132 1565 1188 quoe
1608 1127 1821 1173 nostrae
1860 1119 1937 1173 sit
1978 1118 2265 1189 finitima3
2311 1120 2413 1183 sed

201 1192 242 1219 “
277 1206 398 1265 ego
439 1192 770 1260 vobiscum,
812 1194 1088 1249 universa
1137 1202 1444 1269 peragrata
1484 1194 1745 1267 Europa,
1790 1214 1864 1252 ex
1910 1197 2189 1255 omnibus
2244 1199 2409 1255 terris

227 1272 462 1325 ‘uuam
493 1270 724 1327 faciam.
791 1274 1028 1345 Quippe
1068 1274 1152 1329 ita
1191 1288 1254 1329 se
1293 1290 1418 1329 rem
1458 1274 1671 1329 habere
1712 1277 1961 1347 reperio,
1992 1276 2220 1334 nullam
2260 1278 2410 1333 inter

223 1348 544 1407 ‘homines
567 1350 890 1417 civitatem,
913 1352 1142 1409 nullum
1173 1352 1457 1426 populum
1479 1349 1628 1407 inter
1648 1354 1927 1409 mortales
1948 1355 2237 1428 reliquum
2260 1372 2407 1423 esse,

199 1427 375 1501 “qui
403 1428 682 1485 adversus
707 1447 814 1485 nos
841 1430 904 1485 in
933 1430 1118 1487 aciem
1165 1431 1438 1505 progredi
1478 1432 1683 1504 possit,
1713 1432 1949 1505 quando
1977 1434 2085 1489 hos
2111 1451 2260 1507 quos
2286 1433 2409 1491 dixi

194 1506 702 1581 “subegerimus.
763 1509 857 1565 lta
871 1520 930 1565 et
959 1510 1072 1577 his,
1099 1509 1376 1583 qui-male
1402 1510 1472 1565 de
1494 1510 1662 1565 nobis
1678 1522 2039 1580 meruerunt,
2070 1528 2129 1569 et
2156 1497 2405 1568 insonti

222 1585 384 1640 ‘bus
415 1586 646 1657 pariter,
675 1584 920 1645 servile
896 1604 1114 1662 jugum
1141 1588 1485 1661 impositum
1513 1588 1707 1645 fuerit.
1779 1594 1833 1645 8.
1861 1596 1915 1644 4.
1956 1590 2074 1645 Vos
2103 1609 2263 1655 vern,
2293 1592 2406 1648 hoc

219 1664 326 1719 ‘si
362 1662 639 1731 fecer-ms,
669 1674 908 1740 gratum
947 1667 1096 1722 mihi
1137 1666 1424 1723 feceritis·
1470 1684 1651 1741 quum
1698 1676 1935 1743 tempus
1976 1670 2143 1725 vobis
2184 1670 2406 1727 indica-

224 1749 444 1809 (νοω,
481 1758 598 1816 quo
643 1745 958 1802 convenire
1001 1754 1292 1818 oporteat,
1338 1754 1566 1819 promte
1612 1764 2097 1821 unumquemque
2143 1756 2402 1807 vestrum

221 1819 478 1877 ‘adesse
517 1824 830 1896 oportebit.
907 1825 1192 1898 Quisquis
1219 1842 1358 1881 vero
1386 1841 1523 1881 cum
1551 1827 1807 1883 exercitu
1848 1826 2153 1883 advenerit
2178 1828 2403 1901 optime

189 1906 236 1933 “
265 1900 578 1967 instructo,
605 1918 746 1959 eum
796 1920 910 1977 ego
957 1904 1298 1959 muneribus
1338 1902 1595 1969 donabo,
1636 1921 1769 1977 quae
1814 1905 1969 1980 apud
2011 1921 2118 1963 nos
2161 1908 2398 1963 honori-

193 1982 238 2011 “
269 1978 654 2035 ficentissima
682 1980 984 2039 habentur.
1067 1981 1213 2038 Haec
1255 1982 1440 2057 igitur
1478 1983 1562 2053 ita
1602 1982 1869 2040 facienda
1904 1992 2058 2041 sunt.
2132 1984 2234 2041 Ne
2260 2003 2401 2041 vero

186 2058 434 2113 “vobis
461 2058 660 2117 videar
687 2077 888 2117 meum
915 2060 1092 2117 unius
1132 2062 1296 2135 sequi
1325 2059 1477 2117 velle
1500 2048 1834 2129 consilium,
1858 2065 1915 2119 in
1943 2061 2207 2124 medium
2233 2064 2397 2121 vobis

211 2136 426 2195 ‘hanc
449 2154 572 2195 rem
596 2153 858 2231 propono
878 2164 896 2211 3
921 2137 1220 2214 jubeoque
1245 2147 1333 2204 ut,
1357 2140 1615 2213 quisquis
1642 2150 1906 2197 vestrum
1933 2142 2209 2210 voluerit,
2231 2160 2398 2202 suam

187 2222 508 2289 “promat
525 2219 938 2275 sententiamff'
1023 2220 1136 2276 His
1165 2218 1334 2275 dictis
1362 2218 1589 2275 Xerxes
1618 2219 1793 2275 finem
1822 2220 1961 2275 fecit
1987 2221 2285 2295 loquendi.

267 2301 324 2352 9.
365 2294 512 2352 Post
550 2296 716 2351 illum
748 2297 1115 2363 MardoniuS,
1146 2298 1324 2353 talem
1369 2314 1701 2354 sermonem
1736 2307 1825 2353 est
1852 2315 2109 2354 exorsus,
2193 2295 2393 2356 “Do-

209 2373 467 2430 ‘mine!
516 2381 584 2431 tu
609 2374 916 2433 Persarum
941 2378 1242 2443 omnium,
1272 2376 1374 2448 qui
1401 2385 1463 2431 et
1490 2377 1731 2433 fuerunt
1758 2384 1817 2431 et
1842 2376 2027 2432 futuri
2054 2385 2214 2444 sum,
2246 2393 2394 2451 prae·

212 2448 679 2509 ‘astutissimus
705 2471 804 2510 es:
848 2456 952 2529 qui
991 2463 1052 2513 et
1091 2456 1205 2511 alia
1250 2454 1529 2527 praeclue
1574 2456 1991 2527 verissimaque
2034 2470 2394 2515 commemo-

181 2538 230 2563 “
263 2530 430 2598 rasti,
457 2539 518 2592 et
543 2532 720 2589 lonas
734 2518 1043 2608 Europam
1070 2534 1423 2605 habitantes„
1453 2534 1727 2608 indignos
1768 2534 2061 2599 homineS,
2094 2552 2213 2592 non
2258 2553 2391 2609 pas-

205 2616 440 2669 ‘surus
479 2627 548 2667 ee
581 2611 818 2669 irridere
863 2614 1050 2669 nobis.
1130 2596 1375 2671 Etenim
1415 2614 1569 2669 mira
1610 2621 1785 2687 atque
1830 2614 2049 2671 misera·
2087 2632 2175 2671 res
2218 2622 2393 2682 esset,

181 2694 446 2762 “quum
489 2690 660 2747 Sacas
703 2698 762 2747 et
801 2690 982 2749 Indos
1020 2698 1080 2748 et
1113 2691 1430 2765 AEthiopas
1472 2700 1531 2749 et
1573 2692 1857 2767 Assyrios.
1884 2702 1945 2749 et
1984 2691 2131 2751 alios
2172 2694 2393 2751 multos

179 2774 627 2843 “magnosque
667 2771 942 2849 populos,
979 2788 1104 2827 non
1145 2770 1312 2844 quod
1349 2766 1624 2841 injuriam
1669 2771 1857 2827 Persis
1904 2770 2259 2839 intulissent,
2291 2774 2393 2832 sed

176 2850 222 2881 “
251 2846 415 2920 quod
444 2864 559 2903 nos
589 2858 850 2905 nostram
877 2867 1096 2941 augere
1121 2847 1418 2905 voluimus
1458 2850 1808 2939 potentiam,
1836 2850 2247 2925 subegerimus
2272 2870 2391 2909 ser.-

173 2932 220 2959 “
173 2940 478 3035 “vosque
505 2926 862 2997 habeamus3
907 2929 958 2984 si
985 2929 1244 2994 GraecOS,
1269 2928 1366 3001 qui
1405 2923 1630 2999 injuriis
1657 2945 1761 2983 nos
1800 2928 2249 2996 lacessiverunt,
2275 2932 2388 2987 im-

203 3010 414 3078 ‘puue
438 3003 602 3062 abire
626 3012 990 3079 pateremur:
1037 3008 1190 3081 quid
1201 3007 1436 3063 tandem
1468 3009 1841 3063 metuentes?
1885 3024 2205 3081 quemnam
2233 3012 2387 3067 mul.-

172 3081 530 3141 “titudinis
565 3080 958 3143 concur'sum?
1009 3102 1191 3160 quam
1233 3084 1625 3178 pecuniarum
1673 3086 1836 3141 vim?
1911 3091 2049 3143 9.1.
2090 3086 2387 3145 Novimus

197 3168 400 3221 ‘sane
425 3163 663 3235 filorum
691 3182 914 3241 pugnae
937 3183 1162 3241 genus3
1209 3164 1479 3221 novimus
1504 3164 1679 3221 etiam
1708 3180 1885 3238 quam
1914 3164 2238 3221 imbecilles
2270 3168 2391 3224 sint

193 3242 448 3297 (νίκαις.
493 3228 762 3317 filiosque
787 3262 988 3301 eorum
1016 3244 1290 3301 subactos
1318 3243 1626 3309 habemus,
1658 3242 1767 3299 hos
1790 3242 1893 3315 qui
1922 3243 1983 3299 in
2012 3253 2209 3301 nostra
2236 3252 2389 3303 terra

191 3320 426 3379 ‘sedes
467 3321 705 3388 habent,
742 3331 803 3379 et
840 3322 1010 3379 lones
1055 3330 1114 3379 et
1156 3322 1471 3379 AEolenses
1518 3330 1579 3378 et
1616 3318 1931 3379 Dorienses
1982 3324 2387 3382 nominantur.

165 3404 216 3431 “
161 3326 450 3510 :Atque
476 3396 654 3459 etiam
679 3403 804 3476 ipse
825 3418 941 3477 ego
981 3402 1308 3475 periculum
1350 3402 1565 3457 horum
1605 3402 1913 3457 hominum
1946 3400 2081 3468 feci,
2110 3402 2385 3461 adversus
2464 3447 2469 3452 -

191 3476 396 3536 ‘illos
413 3496 450 3533 a
475 3486 638 3551 patre
665 3490 768 3537 tuo
807 3482 1061 3539 missus.
1103 3480 1230 3545 ubi,
1257 3497 1444 3553 quum
1484 3497 1671 3571 usque
1701 3482 1763 3537 in
1790 3472 2195 3537 Macedoniam
2230 3482 2383 3539 dux·-

161 3563 212 3589 “
247 3558 432 3615 istem
459 3559 799 3625 exercitum,
829 3568 888 3616 et
915 3559 1342 3633 propemodum
1369 3560 1440 3614 ad
1482 3559 1635 3632 ipsas
1676 3560 2066 3633 pervenissem
2090 3556 2387 3629 Athenae,

159 3642 212 3669 “
249 3648 436 3693 nemo
454 3638 648 3695 mihi
629 3656 695 3699 m
721 3638 1203 3695 anim-occurrit.
1282 3641 1334 3693 9.
1364 3642 1421 3693 2.
1461 3638 1839 3711 Quamquam
1866 3640 2220 3713 caeteroquin
2251 3642 2381 3716 qui-

159 3721 216 3749 “
249 3715 390 3775 dem
425 3726 788 3775 consuerunt
818 3721 913 3790 (ut
949 3716 1151 3784 audio)
1181 3717 1372 3773 Graeci
1408 3717 1898 3773 inconsultissime
1942 3718 2095 3775 bella
2132 3736 2237 3775 sua
2278 3720 2381 3775 ud.-

137 3801 216 3831 „a
249 3794 608 3863 ministrare,
633 3796 851 3853 stolida
885 3805 944 3853 et
982 3797 1268 3871 pervicaci
1311 3795 1566 3869 quadam
1607 3796 1978 3851 confidentia.
2058 3796 2381 3871 Postquam

154 3881 206 3906 “
241 3873 404 3931 enim
431 3873 542 3931 sibi
583 3876 838 3933 invicem
876 3876 1098 3933 bellum
1143 3876 1501 3942 indixerunt,
1531 3875 1937 3948 pulcerrimum
1981 3883 2039 3929 et
2078 3878 2379 3947 apertissi-

152 3960 206 3986 “
241 3968 408 4009 mam
438 3962 712 4027 quaerunt
737 3956 1064 4030 planitiem,
1093 3956 1159 4009 in
1185 3972 1362 4029 quam
1394 3954 1751 4011 descendant
1782 3970 1991 4009 manus
2018 3956 2373 4025 conserturi:

151 4038 210 4067 ‘⁴
243 4048 377 4106 quo
396 4032 466 4089 fit
491 4042 560 4089 ut
595 4034 773 4093 etiam
799 4035 1050 4091 victores
1090 4052 1313 4108 magno
1340 4050 1479 4089 cum
1520 4032 1872 4089 detrimento
1913 4030 2217 4089 discedant
2241 4058 2258 4104 3
2306 4036 2379 4093 de

149 4118 210 4146 “
241 4110 418 4171 vietis
445 4120 645 4173 autem
673 4130 756 4169 ne
775 4113 1026 4170 verbum
1047 4112 1295 4207 quidem
1311 4114 1464 4178 dico,
1496 4130 1641 4169 nam
1664 4110 2057 4165 internecione
2082 4108 2377 4171 delentur.

149 4198 210 4227 “
236 4191 419 4256 Quot
449 4192 782 4268 oporte-bat,
811 4209 994 4267 quum
1034 4194 1152 4251 sint
1192 4192 1462 4249 homines
1498 4190 1703 4281 eadem
1743 4189 1949 4265 lingua
1990 4197 2248 4259 utenteS,
2273 4209 2381 4271 per

1215 4274 1253 4327 2
1283 4286 1319 4326 R
