2925 4992
461 391 470 396 ·
533 307 620 362 sa
1099 277 1636 364 ‘HERoDom
1694 303 2063 364 ms'ron.
2104 304 2153 363 1.

544 455 758 535 viginti
801 459 1108 532 superioris
1149 459 1303 518 Asiae
1330 462 1653 518 tenuissent
1691 463 2023 536 imperium,
2052 458 2226 536 primi
2262 459 2509 520 deficere
2532 461 2607 522 ab
2635 463 2761 522 illis

539 538 704 596 Medi
733 545 1030 611 coeperunt
1047 563 1063 608 3
1109 540 1209 611 qui
1252 558 1354 612 pro
1382 541 1647 598 libertate
1690 549 2024 628 pugnantes
2054 559 2191 598 cum
2216 541 2485 615 Assyriis,
2514 552 2760 600 strenue

539 635 602 674 se
651 624 987 692 gesserunt,
1023 634 1378 691 excussoque
1425 619 1720 676 servitutis
1764 637 1913 695 Jugo
1964 620 2295 677 libertatem
2350 620 2760 680 obtinuerunt.

543 695 687 752 Post
715 712 862 769 quos
891 704 950 749 et
977 695 1212 768 reliquae
1239 705 1446 770 gentes
1474 697 1629 752 idem
1655 697 1843 754 fecere
1870 698 2024 772 quod
2054 697 2236 755 Medi.
2518 755 2520 760 .

547 811 552 816 -
620 777 714 830 96.
758 776 1051 830 Caeterum
1091 793 1278 848 quum
1309 771 1436 844 jam
1465 793 1673 832 omnes
1698 795 1803 850 per
1842 777 2234 832 continentem
2264 778 2467 850 populi
2496 780 2756 854 propriis

537 851 801 909 viverent
843 851 1096 926 legibuS,
1137 853 1241 909 tali
1280 853 1458 909 modo
1506 872 1704 911 rursus
1754 854 2049 928 tyrannidi
2086 851 2334 925 subjecti
2374 868 2531 913 sunt.
2608 857 2758 915 Fuit

539 931 695 986 inter
720 931 930 988 Medos
970 931 1061 986 vir
1100 928 1350 1006 sapienS,
1380 932 1475 987 cui
1516 950 1732 988 nomen
1771 941 1893 988 erat
1926 933 2192 1000 DeioceS,
2221 933 2378 988 filius
2406 935 2749 1006 Phraortae3

535 1009 641 1082 qui
665 1027 850 1082 quum
879 1009 950 1065 ad
980 1011 1354 1084 tyrannidem
1385 1011 1727 1084 adspiraret,
1757 1013 1839 1066 ita
1866 1029 1928 1066 se
1954 1011 2155 1086 gessit.
2223 1013 2424 1073 Quum
2454 1031 2559 1086 per
2584 1016 2755 1070 vicos

540 1086 871 1146 habitarent
895 1089 1084 1156 Medi,
1113 1089 1364 1145 Deioces
1383 1083 1511 1158 jam
1542 1097 1681 1145 ante
1709 1089 1862 1163 apud
1892 1107 2027 1145 suos
2064 1089 2363 1162 probatus,
2392 1099 2519 1146 tum
2552 1093 2755 1168 magis

541 1166 721 1222 etiam
751 1165 1180 1241 studiosiusque
1207 1167 1540 1240 aequitatem
1571 1167 1709 1224 data
1741 1185 1918 1240 opera
1942 1167 2247 1224 exercebat
2272 1193 2288 1238 3
2336 1169 2529 1242 idque,
2560 1187 2751 1244 quum

539 1245 732 1300 multa
769 1245 1047 1318 iniquitas
1088 1263 1192 1318 per
1217 1246 1553 1302 universam
1579 1245 1839 1302 Mediam
1878 1243 2190 1312 obtineret,
2216 1253 2418 1302 tamen
2470 1249 2753 1316 faciebat,

541 1324 810 1396 quamvis
837 1325 1009 1380 sciret
1038 1319 1390 1394 injustitiam
1418 1325 1717 1380 inimicam
1744 1343 1868 1380 esse
1884 1319 2150 1394 justitiae.
2209 1321 2394 1395 Cujus
2424 1344 2614 1398 mores
2642 1327 2753 1384 ubi
2834 1323 2845 1340 “

540 1408 960 1476 perspexerunt
998 1403 1152 1458 cives
1191 1401 1465 1460 eumdem
1504 1404 1701 1458 vicum
1744 1400 2085 1468 incolenteS,
2114 1398 2377 1472 judicem
2422 1403 2587 1460 illum
2634 1407 2755 1462 sibi

539 1481 977 1538 constituerunt.
1059 1479 1139 1536 Et
1177 1479 1298 1544 ille,
1325 1481 1523 1553 utqui
1564 1480 1955 1554 principatum
2004 1480 2272 1548 ambiret,
2298 1489 2521 1538 rectum
2564 1501 2625 1538 se
2668 1504 2751 1540 ae-

535 1577 842 1633 quumque
867 1559 1150 1633 praebuit3
1195 1575 1382 1631 eaque
1409 1576 1469 1615 re
1511 1559 1742 1615 laudem
1773 1558 1924 1632 apud
1970 1560 2279 1632 populares
2306 1560 2564 1616 obtinuit
2589 1563 2753 1620 hand

537 1639 854 1714 exiguam3
903 1639 984 1694 ita
1010 1637 1247 1710 quidem
1277 1645 1344 1693 ut
1383 1638 1743 1710 reliquorum
1786 1639 2049 1694 vicorum
2092 1638 2319 1707 incolae,
2347 1639 2751 1714 intelligentes

536 1717 821 1774 Deiocem
862 1733 1047 1772 unum
1086 1733 1210 1772 esse
1242 1715 1436 1772 virum
1477 1717 1579 1789 qui
1620 1733 1694 1771 ex
1736 1733 1905 1789 aequo
1935 1711 2035 1786 jus
2080 1715 2317 1781 diceret,
2347 1734 2529 1791 quum
2572 1727 2753 1776 antea

539 1795 756 1869 ianuis
797 1794 1104 1851 sententiis
1145 1811 1298 1867 saepe
1339 1794 1801 1860 succubuissent,
1834 1801 1999 1860 tunc,
2030 1801 2337 1867 postquam
2382 1797 2491 1850 hoc
2520 1813 2751 1872 cogno-

542 1878 776 1946 verunt,
805 1871 1056 1928 libenter
1081 1879 1142 1926 et
1175 1873 1286 1944 ipsi
1311 1871 1600 1928 Deiocem
1627 1873 1857 1938 adirent
1886 1873 1987 1944 qui
2016 1872 2150 1928 lites
2174 1891 2310 1928 suas
2336 1872 2655 1943 dirimeret,
2686 1884 2752 1934 et

541 1961 840 2026 postremo
869 1949 1012 2006 nulli
1043 1949 1141 2004 alii
1170 1967 1506 2020 caussarum
1534 1966 1772 2006 suarum
1792 1945 2077 2020 judicium
2106 1949 2526 2024 permitterent.

619 2034 712 2092 97.
755 2029 1062 2084 Crescente
1088 2045 1226 2084 vero
1258 2029 1320 2084 in
1344 2027 1468 2084 dies
1503 2046 1751 2084 numero
1790 2025 2245 2096 adeun-entium,
2274 2037 2478 2102 utpote
2506 2034 2607 2104 qui
2648 2033 2745 2088 in-

541 2108 873 2182 telligerent
915 2106 1048 2162 lites
1088 2123 1161 2161 ex
1202 2125 1342 2162 vero
1381 2107 1705 2172 terminari,
1734 2107 2211 2163 animadvertens
2254 2107 2498 2164 Deioces
2542 2111 2752 2168 omnia.

541 2187 606 2242 in
634 2183 697 2242 ‘se
725 2201 852 2240 esse
877 2185 1008 2252 sita,
1029 2181 1154 2255 jam
1186 2202 1308 2240 non
1339 2185 1590 2259 amplius
1618 2203 1725 2258 pro
1752 2185 2029 2240 tribunali
2060 2187 2281 2252 sedere,
2312 2185 2415 2242 ubi
2441 2197 2611 2250 antea
2643 2185 2749 2260 jus

540 2265 732 2322 dicere
767 2270 1170 2330 consueverat,
1199 2263 1412 2328 voluit,
1444 2264 1803 2338 negavitque
1830 2281 1892 2319 se
1931 2281 2105 2337 porro
2132 2264 2263 2320 lites
2297 2260 2743 2340 judicaturum3

537 2361 635 2400 nec
661 2343 801 2398 enim
829 2360 858 2397 e
885 2360 945 2397 re
970 2359 1072 2397 sua
1098 2359 1226 2407 esse,
1254 2343 1513 2414 neglectis
1551 2345 1663 2397 suis
1700 2343 1855 2396 rebus
1897 2348 2069 2397 totum
2094 2343 2235 2398 diem
2258 2343 2573 2401 dirimendis
2596 2347 2747 2402 alio-

539 2439 664 2478 rum
693 2421 878 2476 litibus
917 2421 1234 2494 impendere.
1314 2419 1458 2477 Inde
1486 2436 1667 2492 quum
1711 2421 1927 2492 rapinae
1966 2421 2410 2494 iniquitatesque
2450 2442 2553 2496 per
2579 2425 2746 2482 vicos

537 2499 731 2556 multo
770 2497 949 2569 etiam
991 2499 1207 2572 magiS,
1237 2516 1415 2572 quam
1445 2511 1603 2567 ante,
1638 2506 2067 2574 grassarentur;
2112 2501 2363 2556 concilio
2390 2511 2746 2570 convocato,

537 2577 700 2635 Medi
734 2577 990 2650 colloqui
1017 2577 1164 2631 inter
1192 2594 1253 2633 se
1281 2577 1352 2632 de
1393 2585 1681 2650 praesente
1710 2594 1903 2632 rerum
1932 2585 2087 2633 statu
2113 2577 2547 2653 deliberareque
2574 2577 2746 2638 insti-

379 2678 389 2686 ·
473 2699 478 2702 -
539 2663 802 2714 tuerunto
884 2654 968 2711 Ut
1015 2661 1209 2711 autem
1265 2673 1376 2730 ego
1425 2655 1719 2721 existim0,
1765 2655 1939 2710 amici
1982 2656 2237 2725 maxime
2279 2657 2511 2715 Deiocis
2563 2660 2749 2717 verba

540 2734 804 2792 fecerunt
829 2728 1200 2803 hujusmodi:
1250 2739 1292 2764 “
1321 2733 1616 2802 Profecto,
1648 2733 1759 2789 hoc
1798 2751 1961 2789 more
1988 2741 2242 2801 utenteS,
2272 2753 2387 2790 non
2429 2755 2749 2810 possumus

537 2819 582 2846 “
608 2811 860 2885 amplius
890 2811 1042 2867 hanc
1071 2818 1284 2867 terram
1315 2812 1584 2868 incolere.
1664 2810 1841 2886 Agite
1866 2813 2070 2887 igitur,
2094 2830 2293 2888 regem
2320 2815 2491 2872 nobis
2520 2818 2745 2874 consti-

535 2895 579 2924 “
603 2899 879 2947 tuamus:
923 2890 1006 2946 sic
1035 2897 1188 2946 terra
1214 2897 1414 2946 nostra
1439 2889 1609 2946 bonis
1636 2891 1869 2965 legibus
1897 2890 1966 2946 ad
1978 2891 2421 2957 ministrabitur,
2444 2902 2503 2950 et
2532 2910 2640 2952 nos
2668 2897 2748 2953 ad

536 2976 581 3002 “
609 2987 785 3043 opera
811 2977 1014 3026 nostra
1041 2969 1380 3035 redibimus),
1413 2987 1519 3024 nec
1546 2969 1623 3025 ob
1649 2969 1953 3025 hominum
1983 2969 2357 3042 iniquitatem
2382 2969 2579 3031 solum
2603 2991 2745 3030 ver-

537 3054 584 3080 “
615 3055 736 3104 tere
781 3050 1120 3122 cogemur.‘’
1199 3047 1369 3104 Talia
1411 3048 1536 3104 fere
1584 3048 1844 3104 dicentes
1890 3057 2297 3122 persuaserunt
2338 3049 2552 3118 Medis,
2593 3060 2663 3109 ut
2707 3070 2749 3110 a

537 3145 674 3202 rege
701 3126 1016 3203 gubernari
1043 3127 1277 3184 vellent.

616 3209 710 3262 98.
751 3205 906 3260 Tum
957 3205 1238 3260 continuo
1293 3205 1354 3261 in
1403 3205 1881 3262 deliberationem
1934 3206 2262 3274 adducitur,
2306 3227 2589 3280 quemnam
2640 3209 2745 3266 sibi

537 3300 718 3354 regem
737 3285 1066 3338 constituant
1083 3283 1114 3336 ,9
1139 3292 1197 3338 et
1224 3277 1561 3356 frequenter
1585 3284 1659 3339 ab
1680 3301 2034 3358 unoquoque
2067 3288 2407 3358 proponitur
2432 3286 2743 3342 laudatur-

537 3378 650 3434 que
676 3360 947 3425 Deioces,
977 3361 1144 3433 isque
1185 3361 1256 3416 ad
1299 3373 1630 3437 extremum
1674 3364 1972 3419 communi
2011 3381 2294 3420 consensu
2326 3365 2456 3421 Rex
2495 3373 2743 3423 creatur.

533 3439 692 3496 Tum
723 3439 822 3494 ille
853 3433 1029 3508 jussit
1057 3457 1158 3495 eos
1186 3438 1338 3496 aedes
1366 3441 1475 3496 sibi
1500 3440 1785 3497 aedificare
1814 3441 2022 3516 dignas
2049 3460 2257 3516 regno,
2288 3450 2347 3498 et
2384 3443 2745 3501 satellitibus

535 3517 732 3590 ipsum
781 3518 1045 3572 munire:
1093 3517 1248 3590 quod
1297 3527 1358 3574 et
1409 3519 1673 3576 fecerunt
1722 3519 1904 3586 Medi,
1952 3521 2222 3594 aedesque
2274 3521 2328 3576 ei
2378 3521 2747 3580 aedificarunt

537 3595 762 3668 amplas
803 3596 1174 3671 munitasque
1201 3597 1262 3651 in
1289 3615 1358 3652 ea
1403 3597 1655 3672 regionis
1698 3607 1861 3672 parte
1902 3616 2080 3672 quam
2120 3599 2241 3672 ipse
2282 3600 2647 3671 praedixerat,
2678 3610 2743 3659 et

533 3673 815 3730 satellites
857 3691 930 3728 ex
971 3675 1254 3730 universis
1295 3675 1489 3730 Medis
1528 3675 1637 3731 sibi
1679 3676 1896 3750 eligere
1938 3676 2339 3749 permiserunt.
2420 3677 2529 3738 llle
2572 3697 2737 3750 vero,

533 3760 842 3825 postquam
873 3752 1129 3808 obtinuit
1169 3754 1501 3826 imperium,
1533 3756 1730 3828 coegit
1754 3755 1964 3810 Medos
1994 3773 2181 3812 unam
2207 3756 2416 3812 urbem
2444 3757 2693 3814 condere
2716 3783 2737 3830 3

535 3849 655 3904 quo
684 3831 840 3886 hanc
870 3837 1125 3896 tuenteS,
1153 3833 1378 3904 reliqua
1404 3832 1621 3905 oppida
1659 3833 1859 3889 minus
1886 3842 2173 3890 curarent.
2256 3833 2741 3908 ObSequentibus

533 3911 715 3966 etiam
744 3909 854 3964 hac
882 3909 944 3965 in
975 3926 1035 3964 re
1062 3908 1274 3975 Medis,
1305 3928 1497 3966 arcem
1540 3908 1833 3966 exstruxit
1873 3914 2133 3985 amplam
2165 3912 2554 3988 validamque,
2586 3914 2741 3974 hanc

531 4005 666 4061 quae
707 4003 866 4058 nunc
893 3987 1200 4044 Ecbatana
1226 3992 1491 4054 vocatur,
1520 3989 1603 4044 ita
1640 3998 1707 4046 ut
1736 3989 1881 4046 alius
1922 3991 2211 4047 moenium
2252 3992 2409 4047 orbis
2438 3991 2553 4046 alio
2582 4001 2740 4049 esset

477 4061 488 4070 ⁹
531 4065 958 4122 circumdatus:
1005 4073 1064 4121 et
1091 4067 1176 4122 sic
1202 4066 1469 4122 instituta
1506 4074 1632 4123 erat
1674 4068 1949 4136 haec-arx,
1980 4078 2046 4124 ut
2074 4069 2221 4126 alius
2260 4069 2551 4127 moenium
2578 4070 2741 4128 orbis

531 4143 650 4204 alio
677 4143 908 4200 nonnisi
936 4145 1396 4222 propugnaculis
1423 4154 1576 4216 essct
1604 4146 1903 4206 excelsior.
1974 4147 2147 4210 Quod
2178 4155 2247 4206 ut
2274 4148 2467 4216 fieret,
2492 4144 2740 4222 adjuva-
