2925 4992
972 316 1587 381 MELPOMENE.
2263 328 2384 387 m

190 482 229 515 “
252 483 417 537 extra
440 474 678 553 eulpam
706 484 769 535 et
793 476 951 553 apud
988 473 1161 537 iilum
1200 479 1381 550 eritis,
1404 486 1470 537 et
1491 472 1828 555 apud'non:
1871 480 1948 539 ad
1987 481 2378 543 coustitutum

191 564 230 591 ‘¹
256 557 410 615 diem
454 565 715 623 manete,
742 574 929 632 mque
969 558 1167 631 elapso
1212 558 1548 616 discedite.”
1627 558 1778 617 Haee
1817 574 2006 633 quum
2031 577 2098 619 se
2121 560 2396 621 stemma·

192 636 355 693 Iones
374 620 589 693 essen?
594 634 868 710 polliciti,
894 654 1077 711 ocyus
1104 638 1193 693 illi
1218 647 1374 695 retro
1402 656 1463 695 se
1487 638 1918 713 proripuerunt.

218 766 223 771 .
265 717 391 772 134.
430 715 671 788 Reliqui
711 713 959 787 Scythae,
996 723 1307 790 postquam
1346 716 1518 787 dona,
1549 731 1684 791 quse
1723 718 2004 785 diximus,
2029 719 2105 775 nd
2127 718 2384 779 Darium

192 795 475 862 miserant,
506 794 803 851 instructis
830 794 1127 868 peditibus
1152 796 1566 869 equitibusque
1593 798 1656 853 iu
1685 798 1870 853 aciem
1897 805 2042 854 sunt
2065 801 2380 874 progressi,

192 870 481 949 tamquam
532 874 799 947 praelium
854 875 1245 931 commissuri.
1324 875 1556 935 Quibus
1596 870 1724 949 jam
1779 877 1842 931 in
1891 877 2016 933 acie
2066 878 2384 946 stantibus,

196 969 363 1029 quum
390 953 545 1009 forte
572 952 737 1026 lepus
780 953 841 1007 in
884 953 1147 1009 medium
1175 955 1560 1029 prosiluisset,
1585 962 1654 1011 ut
1677 955 1922 1029 quisque
1949 956 2210 1029 leporem
2235 974 2384 1015 con-

194 1032 393 1105 spexit,
412 1028 501 1087 ita
522 1048 661 1087 eum
695 1034 959 1105 persequi
986 1034 1177 1107 coepit.
1256 1033 1536 1091 Tur-batis
1561 1034 1760 1107 itaque
1785 1034 2024 1095 illorum
2049 1036 2384 1103 ordinibus,

196 1120 249 1167 et
268 1106 393 1167 orto
418 1110 699 1177 clamore,
729 1128 995 1167 caussam
1027 1111 1237 1168 Darius
1260 1114 1530 1189 quaesivit
1557 1108 1736 1182 hujus
1761 1112 2074 1181 tumultus,
2103 1116 2206 1189 qui
2229 1116 2396 1190 apud·

195 1188 375 1246 hostes
398 1197 566 1245 ortus
594 1196 763 1245 esset.
844 1191 1011 1252 Quos
1040 1190 1145 1246 ubi
1186 1189 1472 1266 comperit
1513 1192 1774 1265 leporem
1813 1196 2104 1267 persequi,
2133 1195 2282 1253 dixit
2307 1194 2384 1251 ad

196 1268 293 1324 hos
336 1284 478 1325 eum
532 1268 749 1343 quibus
800 1276 861 1325 et
886 1269 1033 1325 alias
1080 1272 1520 1327 communicare
1587 1280 1885 1327 sermones
1953 1282 2378 1331 consueverat:

198 1354 237 1379 “
262 1346 529 1405 Nimium
562 1364 673 1403 nos
700 1349 762 1404 bi
796 1348 898 1403 viri
930 1355 1353 1405 contemnuntz
1394 1368 1465 1407 ae
1505 1349 1654 1405 mihi
1705 1366 1870 1405 nunc
1911 1351 2086 1424 plane
2123 1353 2382 1419 videtur,

196 1430 234 1461 “
254 1428 325 1483 de-
357 1424 647 1501 >Scythicis
692 1428 865 1483 donis
914 1437 1070 1483 recte
1116 1428 1416 1503 Gobryam
1459 1424 1774 1498 judicasse.
1853 1429 2160 1494 Quoniam
2201 1432 2392 1507 igitur

194 1510 232 1537 “
252 1524 345 1563 me
366 1520 605 1581 quoque
623 1500 825 1575 judice
852 1507 979 1562 haec
1007 1506 1089 1562 itu
1114 1524 1177 1563 se
1206 1508 1443 1568 habent,
1474 1508 1632 1563 bono
1659 1506 1902 1563 consilio
1939 1526 2088 1582 opus
2117 1516 2238 1576 est,
2265 1524 2388 1585 quo

194 1589 232 1617 “
256 1592 415 1641 tutus
444 1585 623 1641 nobis
664 1586 800 1641 hinc
842 1586 920 1641 sit
960 1590 1285 1658 receptus.”
1366 1586 1457 1641 Ad
1495 1587 1620 1641 haec
1647 1586 1950 1659 Gobryas:
1999 1596 2039 1619 ‘⁴
2069 1588 2258 1655 Rex,”
2293 1592 2390 1645 in·-

192 1660 347 1737 quit,'
364 1668 409 1697 “
436 1664 589 1721 mihi
614 1664 850 1737 quidem
878 1665 1019 1720 satis
1054 1664 1234 1721 etiam
1270 1665 1476 1721 auditu
1501 1665 1746 1739 cognita
1771 1673 1897 1721 erat
1937 1666 2149 1723 borum
2187 1668 2386 1724 homi·-

194 1741 237 1775 “
262 1758 403 1799 num
438 1750 751 1817 paupertas
772 1762 791 1798 ε
832 1759 991 1799 nunc
1020 1760 1185 1810 vero,
1214 1752 1530 1819 postquam
1559 1745 1620 1799 in
1647 1758 1854 1799 eorum
1893 1750 2112 1802 terram
2151 1744 2390 1814 adveni,
2497 1799 2504 1807 ,

192 1826 229 1855 “
252 1823 441 1897 magis
470 1820 655 1879 etiam
698 1823 971 1899 cognovi,
1016 1823 1219 1879 videns
1270 1840 1389 1897 quo
1428 1830 1604 1896 paeto
1647 1838 1752 1878 nos
1804 1822 2062 1879 ludibrio
2113 1824 2396 1885 babeant.

190 1906 227 1933 “
251 1901 457 1975 ltaque
506 1901 651 1957 mihi
696 1901 779 1957 sie
824 1901 1163 1957 faciendum
1214 1902 1484 1960 videtui-‚t
1545 1901 1983 1975 quamprimum
2025 1918 2143 1959 nox
2180 1904 2392 1973 aderit,

189 1980 509 2036 “incensis
550 1979 785 2055 ignibus
828 1980 981 2036 sieut
1018 1980 1163 2036 alias
1200 1982 1395 2037 facere
1435 1980 1870 2049 consuevimus,
1899 1981 2155 2056 deceptis
2185 1985 2272 2041 eis
2313 2000 2394 2041 ex

189 2064 227 2091 “
250 2058 539 2116 militibus
564 2060 667 2133 qui
696 2059 767 2115 ad
796 2059 1131 2117 tolerandos
1156 2061 1385 2117 labores
1414 2061 1593 2115 nimis
1621 2056 1843 2116 infirmi
1878 2068 2042 2127 sunt,
2069 2070 2134 2125 et
2155 2063 2386 2139 adliga-

188 2144 225 2173 “
249 2140 321 2193 tis
368 2138 554 2195 asinis
592 2139 893 2206 omnibus,
921 2137 1061 2194 hinc
1104 2139 1459 2205 abeundum,
1505 2139 1844 2211 priusquam
1891 2147 1994 2197 aut
2043 2142 2276 2215 Scythas
2315 2141 2394 2201 ad

187 2222 225 2251 “
246 2214 473 2273 Istrum
502 2226 748 2291 pergant
776 2226 1017 2291 pontem
1046 2219 1363 2285 ree-scissuri,
1394 2224 1498 2273 aut
1525 2215 1698 2273 Iones
1727 2218 1907 2275 etiam
1933 2222 2250 2278 consilium
2275 2221 2388 2277 ali-

186 2302 223 2328 “
248 2296 431 2370 quod,
462 2296 619 2369 quod
643 2312 749 2353 nos
776 2297 1000 2370 perdat,
1027 2298 1323 2371 capiant.'’
1408 2296 1558 2353 Haec
1583 2296 1852 2373 Gobryas
1881 2300 2077 2355 suasit.
2261 2362 2264 2364 Α

250 2372 394 2431 135.
434 2372 688 2441 Deinde,
734 2380 801 2431 ut
846 2392 967 2431 nox
1008 2376 1226 2442 adfuit,
1276 2376 1486 2431 eodem
1527 2374 1778 2429 consilio
1825 2374 2046 2433 Daiius
2087 2384 2232 2435 usus
2277 2386 2388 2440 est.

184 2454 493 2511 Mol-bosus
518 2470 593 2510 ex
620 2450 929 2522 militibuS,
958 2462 1019 2511 et
1044 2472 1297 2529 quorum
1317 2451 1614 2523 jacturam
1641 2453 1876 2509 minimi
1897 2454 2172 2523 faciebat,
2197 2458 2392 2517 asinos

184 2534 318 2591 item
346 2548 559 2589 omues
588 2534 891 2607 religatos,
922 2534 984 2589 iu
1014 2534 1217 2591 castris
1244 2552 1363 2608 quo
1391 2534 1524 2589 loco
1569 2541 1740 2588 erant
1785 2533 2043 2608 reliquit.
2119 2534 2390 2611 Reliquit
2437 2552 2444 2559 ·

182 2622 379 2669 autem
412 2621 478 2668 et⁴
502 2611 696 2669 asinos
732 2620 797 2670 „et
836 2612 1100 2670 infirmos
1142 2614 1357 2669 milites
1398 2613 1509 2668 hac
1547 2628 1769 2679 caussa,
1803 2620 1866 2668 ut
1893 2614 2046 2671 asini
2071 2616 2392 2675 clamorem

183 2693 493 2749 tollet-ente
536 2691 803 2747 homines
830 2700 1050 2757 autem,
1083 2692 1439 2749 infirmitatis
1466 2690 1704 2764 quidem
1749 2708 1952 2749 caussa
1975 2695 2392 2769 relinqueban-

184 2778 279 2827 tur
296 2795 311 2841 ;
360 2770 464 2825 sed
492 2770 713 2843 species
741 2788 951 2843 nempe
990 2768 1481 2845 praetendebatur,
1509 2786 1708 2845 regem
1741 2788 1878 2827 cum
1919 2770 2064 2829 flore
2103 2777 2394 2833 exercitus

181 2850 251 2906 de
276 2850 603 2923 improviso
630 2849 1043 2923 adgressurum
1072 2868 1195 2906 esse
1224 2850 1489 2923 Scythae,
1516 2857 1580 2903 >et
1608 2846 1714 2905 hos
1753 2850 1989 2907 interim
2037 2852 2248 2909 debere
2293 2872 2392 2911 cu-

180 2940 298 2985 stra
328 2929 505 2984 tueri.
586 2926 723 2983 Hoc
746 2936 1062 3002 postquam
1090 2947 1188 2985 eos
1230 2930 1328 3003 qui
1370 2928 1854 3002 relinquebantur
1875 2933 2112 2987 monuit
2150 2931 2392 3000 Durine,

178 3006 429 3065 incensis
458 3007 725 3081 ignibuS,
756 3008 1195 3080 quamprimum
1224 3008 1295 3063 ad
1326 3008 1549 3064 Istrum
1579 3006 1764 3061 redire
1803 3010 2154 3081 properavit.
2233 3010 2392 3069 Tum

180 3105 317 3145 vero
342 3086 515 3151 asini,
546 3085 746 3159 procul
774 3106 807 3141 a
834 3094 990 3142 coetu
1018 3089 1111 3143 cui
1154 3087 1540 3143 adsueverant
1577 3084 1783 3149 relicti,
1817 3088 2012 3143 multo
2051 3088 2389 3145 tumultuo-

178 3167 398 3223 siorem
424 3164 693 3221 ruditum
718 3165 969 3221 edebant
990 3190 1007 3237 3
1054 3184 1173 3240 quo
1200 3166 1405 3223 audito
1432 3162 1662 3237 Scythae
1687 3180 1926 3239 prorsus
1951 3167 2390 3236 existimarunt,

175 3262 289 3303 suo
315 3245 453 3299 loeo
478 3244 761 3299 mansisse
786 3244 1009 3300 Persas.

258 3326 394 3379 136.
434 3322 587 3379 Orta
609 3322 761 3389 luce,
790 3324 893 3397 qui
916 3323 1099 3379 relicti
1130 3330 1321 3388 erant,
1352 3324 1612 3396 proditos
1661 3340 1724 3379 se
1763 3340 1890 3381 esse
1929 3322 2326 3401 intelligentes
2353 3344 2392 3382 a

173 3402 385 3467 Dario,
414 3416 631 3458 manus
656 3401 726 3457 sd
752 3403 995 3477 Scythas
1022 3402 1359 3468 tendebant,
1378 3420 1449 3458 ea
1471 3420 1605 3476 quoe
1627 3420 1730 3476 par
1753 3409 1878 3458 erat
1901 3402 2176 3461 dicentes.
2237 3406 2390 3467 Qui-

175 3484 289 3539 'ous
318 3480 409 3537 illi
437 3481 678 3547 auditu,
708 3482 1246 3555 proper-ecollectis
1292 3482 1476 3553 copiis
1515 3482 1815 3548 omnibus,
1843 3490 1902 3538 et
1945 3481 2066 3539 duo
2109 3484 2209 3539 illa
2259 3502 2392 3559 quae

175 3562 439 3617 diximus
458 3555 673 3629 ‘iuncta
700 3562 1046 3635 Scytharum
1069 3560 1327 3635 agmina,
1347 3568 1406 3614 et
1432 3563 1510 3615 ‘un
1521 3578 1620 3615 um
1642 3560 1909 3627 tertium,
1938 3564 2392 3623 etSauromatae

173 3650 237 3697 et
262 3638 493 3697 Budiui
520 3650 581 3695 et
608 3634 847 3704 Gelo'ni,
876 3636 1053 3695 simul
1076 3638 1289 3695 'omnes
1328 3638 1620 3712 persecuti
1649 3646 1791 3694 sunt
1817 3640 2043 3707 Persas,
2075 3650 2232 3697 recta
2259 3660 2392 3697 ver—

170 3718 534 3777 sus-Istrum
562 3718 780 3774 directo
808 3718 1029 3774 itinere.
1110 3719 1208 3784 At,
1238 3734 1423 3790 quum
1456 3712 1648 3787 major
1687 3734 1820 3790 pars
1857 3718 2074 3775 Petsici
2103 3721 2394 3776 exercitus

171 3793 464 3873 pedestris
490 3806 667 3864 esset,
698 3814 805 3853 nec
844 3798 1126 3854 itinerum
1168 3804 1322 3853 esset
1364 3796 1611 3869 peritum,
1641 3804 1848 3871 utpote
1889 3798 1998 3853 viis
2043 3816 2165 3853 non
2213 3799 2389 3865 tritis,

174 3876 493 3954 Scythicus
520 3884 719 3933 autem
762 3876 1051 3933 exercitus
1090 3884 1241 3933 esset
1280 3875 1590 3949 equestris,
1619 3884 1680 3930 et
1707 3876 2186 3950 compendiorum
2212 3877 2392 3935 itin-ea.

174 3960 247 4014 ris
276 3972 505 4033 gnarus
526 3979 543 4025 3
588 3954 819 4020 accidit,
848 3966 915 4011 ut
942 3972 979 4011 a
1002 3973 1065 4011 se
1092 3955 1347 4011 invicem
1378 3954 1732 4020 aberrarent,
1759 3964 1820 4011 et
1844 3957 2036 4012 multo
2061 3956 2224 4029 prius
2249 3956 2392 4032 Scy-

172 4036 315 4103 tbae,
344 4050 525 4111 quam
553 4033 768 4101 Persoe,
798 4034 868 4090 ad
898 4043 1139 4109 pontem
1178 4034 1567 4108 pervenirent.
1647 4034 1768 4094 Qui
1807 4032 1912 4091 ubi
1951 4045 2388 4107 coguoverunt,

174 4114 450 4172 nondum
493 4113 799 4170 advenisse
839 4112 1065 4179 Persas»,
1112 4111 1376 4179 Ionibus,
1405 4113 1509 4186 qui
1561 4112 1625 4169 in
1667 4111 1923 4169 navibus.
1957 4120 2148 4181 erant,
2195 4114 2392 4173 boecce

176 4195 415 4259 dixere:
484 4199 525 4226 ‘⁸
554 4192 683 4249 Viri
736 4192 932 4263 Iones,
983 4192 1213 4253 dierum
1264 4208 1544 4249 numerus
1593 4190 1766 4265 vobis
1819 4192 2132 4265 praeteriit:
2191 4194 2390 4267 itaque

1243 4274 1284 4328 2
1312 4288 1347 4326 n
