2925 4992
2219 170 2236 197 Ι

554 326 669 391 142
1103 314 1609 387 HERoDoTl
1675 322 2048 395 HISTOR.
2090 327 2203 389 111.

536 486 675 545 eim.
759 484 893 545 Hos
934 502 1079 543 avus
1118 494 1416 544 maternus
1440 484 1702 553 Procles,
1729 482 2016 561 Epidauri
2061 494 2374 561 tyrannus,
2398 484 2498 545 ‘ad
2539 502 2610 545 se
2649 506 2764 545 vo·-

533 573 722 634 catos,
778 563 1030 641 benigne
1061 566 1176 640 (uti
1217 582 1323 640 par
1368 567 1520 638 erat)
1555 565 1806 637 excepit,
1847 566 2064 639 quippe
2104 584 2178 622 ex
2203 556 2538 639 ipsiuff’ffiia
2563 574 2765 624 natos.

534 645 705 708 Quos
732 643 834 701 ubi
864 660 903 699 a
928 660 990 700 se
1030 643 1293 713 dimisit;
1342 643 1486 701 dum
1525 644 1668 713 illos,
1686 643 1944 709 deducit,
1975 648 2093 699 ait:
2161 650 2210 677 “
2235 644 2580 713 Nostis-ne,
2625 645 2762 712 mii,

534 728 583 755 ‘⁶
613 724 744 797 quis
770 730 1024 779 matrem
1054 730 1308 781 vestram
1337 718 1616 778 occiderit
1635 724 1695 778 ?”
1766 718 1959 793 Hujus
1988 723 2153 779 verbi
2185 723 2366 780 frater
2392 733 2536 780 natu
2561 721 2766 795 major

532 801 762 858 nullam
806 801 1017 857 habuit
1044 802 1365 858 rationem:
1412 801 1615 857 minor
1641 817 1800 867 vern,
1831 802 1925 856 cui
1969 818 2185 857 nomen
2228 810 2352 859 erat
2379 801 2766 877 Lycophron‚

534 881 649 937 hoc
693 880 918 945 audito,
964 888 1129 937 tanto
1172 888 1261 937 est
1302 895 1554 935 moerore
1594 878 1880 944 adfectus,
1925 891 2016 946 ut,
2059 896 2244 954 quum
2275 881 2634 939 Corinthum
2665 900 2764 939 re-

532 958 757 1024 diisset,
798 965 1045 1031 patrem,
1078 966 1142 1014 ut
1185 959 1288 1033 qui
1322 967 1573 1013 matrem
1601 974 1769 1015 suam
1809 958 2136 1025 occidisset,
2161 976 2268 1015 nec
2311 959 2617 1026 salutaret,
2647 976 2764 1017 nee

534 1036 991 1112 compellantem
1032 1038 1288 1093 vicissim
1328 1037 1580 1091 omnino
1613 1036 2046 1109 adloqueretur‚
2089 1054 2195 1093 nec
2234 1036 2624 1113 interroganti
2669 1057 2766 1097 re·

530 1115 845 1189 spon-deret
875 1114 1218 1189 quidquam.
1291 1113 1379 1171 Ad
1423 1123 1781 1189 extremum,
1815 1114 1962 1171 iram
2005 1132 2126 1171 non
2165 1124 2373 1173 tenens
2411 1115 2760 1185 Periander,

537 1194 717 1249 domo
746 1208 884 1249 eum
914 1188 1101 1264 ejecit.
2365 1240 2367 1245 .

618 1278 712 1330 51.
760 1272 890 1328 Hoc
930 1267 1138 1343 ejecto,
1168 1272 1439 1346 quaesivit
1481 1288 1554 1327 ex
1595 1266 1818 1341 majore
1859 1278 2024 1339 natu,
2065 1271 2206 1346 quid
2247 1288 2385 1329 cum
2427 1272 2570 1347 ipsis
2611 1290 2765 1331 avus

531 1348 920 1409 disseruisset.
1006 1350 1082 1406 Et
1134 1350 1235 1405 ille
1284 1350 1578 1421 exposuit,
1634 1366 1816 1424 quam
1869 1350 2127 1425 benigne
2181 1352 2338 1425 ipsos
2384 1352 2759 1427 excepisset3

526 1429 695 1486 verbi
724 1436 922 1484 autem
952 1428 1135 1495 illius,
1164 1429 1321 1502 quod
1352 1428 1585 1484 Procles
1614 1428 1722 1493 εἰς,
1749 1444 1937 1501 quum
1963 1428 2306 1497 dimitteret,
2335 1430 2584 1497 dixerat,
2615 1432 2763 1487 nul-

528 1510 671 1565 lam·
698 1506 841 1563 fecit
885 1508 1273 1571 mentionem,
1304 1514 1372 1563 ut
1398 1507 1500 1583 qui
1529 1503 1676 1561 illud
1721 1506 1780 1561 in
1826 1507 2088 1564 animum
2136 1525 2256 1564 non
2293 1509 2618 1566 admodum
2650 1510 2761 1565 ad-

527 1587 803 1645 misisset.
883 1588 961 1643 At
990 1594 1177 1659 pater,
1186 1586 1323 1661 fieri
1343 1602 1572 1658 prorsus
1599 1602 1702 1639 non
1728 1602 1900 1658 posse,
1931 1586 2032 1651 ait,
2063 1588 2194 1659 quin
2223 1588 2436 1661 aliquid
2458 1590 2590 1661 ipsis
2619 1606 2764 1644 avus

526 1667 855 1740 suggesserit
867 1688 891 1731 ,-
958 1673 1018 1722 et
1072 1666 1395 1739 percontari
1444 1662 1679 1720 institit.
1785 1666 1942 1721 Tum
1999 1666 2331 1722 recordatus
2377 1662 2641 1737 juvenis,
2695 1668 2760 1723 id

528 1752 785 1819 quoque·
814 1743 981 1801 dixit.
1060 1743 1238 1805 Quod
1288 1758 1476 1817 quum
1517 1741 1864 1799 advertisset
1906 1744 2207 1800 Periandri
2258 1746 2554 1811 animum,
2583 1742 2776 1803 nulla'

528 1840 705 1897 porro
732 1821 1105 1897 indulgentia
1134 1822 1221 1877 uti
1246 1821 1542 1891 decrevit3
1589 1819 1664 1875 ad
1689 1836 1924 1895 eosque,
1955 1823 2109 1895 apud
2136 1840 2282 1896 quos
2312 1824 2498 1879 vitam
2530 1824 2761 1899 agebat

526 1914 679 1976 puer
702 1917 739 1956 a
766 1916 827 1956 se
852 1895 1096 1968 ejectus,
1122 1900 1289 1957 misit
1328 1899 1640 1970 nuncium,
1667 1900 1770 1972 qui
1797 1901 1979 1975 ipsius
2008 1901 2202 1959 verbis
2241 1898 2359 1958 illis
2403 1901 2650 1969 diceret,
2667 1920 2762 1960 ·ne

528 1977 756 2036 oedibus
796 1994 1047 2053 puerum
1087 1980 1430 2051 reciperent.
1511 1976 1722 2051 Itaque
1762 1980 1899 2036 inde
1939 1975 2181 2050 ejectus»,
2209 1981 2442 2054 quoties
2459 1980 2535 2035 in
2567 1978 2757 2039 aliam

530 2074 596 2114 se
620 2058 865 2114 domum
894 2056 1228 2131 recepisset,
1258 2064 1331 2112 ex'
1358 2056 1469 2111 hac
1499 2056 1712 2128 pariter
1753 2058 2030 2131 expulsus
2056 2064 2164 2125 est,
2193 2074 2382 2131 quum
2411 2058 2758 2133 recipienti-

528 2136 643 2193 bus
683 2136 1011 2192 minaretur
1048 2143 1240 2208 pater,
1296 2134 1724 2208 imperaretque
1777 2143 1844 2192 ut
1897 2136 2076 2192 domo
2133 2137 2302 2194 illum
2354 2136 2760 2211 prohiberent.

527 2214 743 2273 Pulsus
790 2214 975 2290 igitur
1010 2230 1084 2269 ex
1124 2213 1257 2277 alia,
1288 2212 1359 2267 ad
1392 2212 1568 2267 aliam
1596 2214 1887 2270 sodalium
1915 2215 2160 2271 domum
2189 2216 2612 2293 confugiebam
2659 2216 2757 2273 hi·

531 2310 651 2367 que
690 2310 853 2358 eum,
882 2300 951 2349 ut
996 2291 1099 2367 qui
1140 2290 1439 2349 Periandri
1479 2290 1637 2347 filius
1679 2301 1850 2361 esset,
1896 2294 2176 2368 quamvis
2212 2294 2502 2361 timentes,
2548 2304 2760 2353 tamen

447 2390 451 2394 ’
530 2379 891 2445 receperunt.
1332 2406 1337 2414 ·

610 2454 710 2507 52.
751 2452 841 2507 Ad
893 2458 1226 2509 extremum
1274 2452 1510 2526 publico
1562 2452 1858 2527 praeconio
1901 2452 2216 2513 Periander
2261 2454 2463 2519 edixit,
2511 2456 2762 2535 quisquis

530 2546 653 2588 eum
681 2530 839 2586 donno
864 2533 1169 2602 recepisset,
1194 2540 1297 2585 aut
1322 2548 1590 2586 sermones
1617 2550 1734 2586 cum
1771 2548 1834 2587 eo
1865 2534 2182 2601 miscuisset,
2213 2552 2332 2591 eum
2359 2550 2576 2589 sacram
2599 2534 2757 2591 naul-

530 2616 677 2665 ctam
706 2611 914 2683 (quam
937 2609 1146 2665 eodem
1186 2610 1379 2665 edicto
1420 2610 1765 2675 deliniebat)
1809 2606 2058 2682 Apollini
2101 2615 2425 2670 debiturn-m..
2505 2610 2605 2669 Ex
2639 2614 2758 2671 boe

528 2686 716 2763 igitur
742 2687 937 2743 edicto
977 2704 1155 2743 nemo
1194 2688 1451 2761 amplius
1493 2689 1590 2743 vel
1629 2688 1885 2762 colloqui
1913 2706 2052 2747 cum
2078 2710 2148 2747 eo
2177 2692 2272 2749 vel
2297 2692 2356 2748 in
2382 2690 2635 2747 domum
2665 2710 2758 2749 re·

530 2768 723 2841 cipere
770 2766 997 2821 voluit:
1044 2772 1221 2839 atque
1272 2766 1451 2822 etiam
1500 2767 1625 2840 ipse
1666 2784 1742 2822 ne
1787 2775 2012 2825 tentare
2057 2770 2294 2845 quidem
2341 2770 2621 2845 dignatus
2667 2780 2760 2829 est

528 2860 657 2901 rem
700 2844 983 2901 vetitam:
1027 2844 1131 2901 sed
1157 2862 1402 2901 manens
1446 2846 1508 2901 in
1550 2846 1873 2919 proposito,
1901 2847 2284 2905 volutabatur
2307 2848 2368 2905 in
2399 2848 2756 2921 porticibus.

525 2922 759 2984 Quarto
786 2923 919 2978 dein
950 2922 1045 2979 die
1072 2923 1470 2997 conspicatus·
1489 2922 1662 2979 illum
1687 2924 2006 2981 Periander
2032 2927 2238 2984 illuvie
2274 2936 2337 2982 >et
2375 2926 2569 2983 inedia·
2593 2930 2758 2985 male

528 3000 849 3067 adfectum,
890 3003 1203 3059 miseratus
1252 3010 1343 3057 est
1390 3011 1661 3077 puerum,
1704 3010 1764 3057 et
1804 3004 2045 3077 propius
2089 3006 2392 3071 accedens,
2423 3006 2622 3079 posita
2647 3007 2756 3074 ira,

526 3081 621 3137 his
662 3081 859 3136 verbis
900 3089 991 3137 est
1030 3079 1377 3137 adlocutus:
1448 3086 1494 3115 “
1522 3082 1760 3147 Utrum,
1791 3098 1828 3136 o
1857 3080 1963 3146 fili,
1993 3084 2309 3157 optabilius
2351 3090 2440 3140 est
2477 3082 2612 3151 tibi,
2657 3085 2756 3143 bie

532 3164 575 3195 ‘¹
602 3165 791 3215 status
830 3176 949 3234 quo
998 3176 1159 3215 nune
1204 3176 1289 3226 es,
1316 3176 1391 3217 an
1438 3166 1509 3215 ut
1555 3163 1807 3235 regnum
1834 3168 1895 3216 et
1917 3162 2141 3236 reliqua
2185 3165 2360 3228 bona,
2389 3162 2610 3237 quibus
2635 3182 2756 3239 ego

530 3244 572 3271 ‘¹
598 3236 786 3304 fruor,
816 3237 1092 3309 accipias,
1119 3255 1189 3294 ea
1214 3238 1560 3294 conditione
1601 3246 1674 3292 ut
1722 3246 1780 3293 te
1827 3239 2003 3311 patris
2047 3242 2249 3298 animo
2288 3241 2754 3299 adcommodes?

528 3318 571 3347 “
598 3316 753 3371 Cum
782 3316 859 3371 sis
888 3316 1044 3371 filius
1074 3332 1242 3371 meus
1282 3324 1343 3373 et
1379 3316 1680 3390 opulentae
1721 3316 1993 3374 Corinthi
2025 3338 2150 3385 rex,
2181 3321 2364 3377 vitam
2393 3320 2630 3394 elegisti
2657 3338 2752 3377 er-

530 3400 573 3431 es
600 3393 843 3449 rabundi
900 3394 1176 3460 mendici,
1226 3394 1514 3451 obsistens
1567 3404 1628 3449 et
1671 3394 1929 3452 irascens
1970 3398 2024 3453 ei
2071 3397 2168 3454 cui
2210 3398 2462 3455 minime
2509 3398 2603 3454 fas
2643 3410 2754 3457 est.

530 3478 571 3509 ‘⁸
600 3471 779 3533 Quod
820 3472 868 3528 si
913 3474 973 3527 in
1024 3473 1203 3528 domo
1253 3482 1453 3529 nostra
1496 3472 1708 3529 accidit
1747 3473 2071 3541 calamitas,
2101 3494 2174 3533 ex
2203 3494 2322 3550 qua
2347 3472 2752 3550 suspicionem

530 3557 578 3583 ‘·‘
606 3548 885 3607 adversus
911 3568 1009 3607 me
1034 3552 1351 3626 concepisti
1378 3575 1394 3622 3
1441 3552 1592 3607 mibi
1620 3551 1723 3607 illa
1753 3553 1984 3621 accidit,
2011 3556 2152 3611 etin
2183 3574 2280 3611 me
2303 3554 2460 3613 cadit
2486 3557 2755 3613 maxima

527 3636 575 3663 ‘⁷‘
602 3624 731 3699 ejus
760 3645 918 3702 pars,
948 3646 1136 3712 quum
1164 3648 1200 3685 a
1224 3648 1321 3688 me
1348 3632 1474 3687 haee
1503 3630 1660 3687 facta
1683 3631 1818 3687 sint.
1841 3649 1846 3657 ·
1897 3630 1990 3688 Tu
2034 3650 2194 3700 vero,
2223 3635 2490 3709 cogitans
2519 3643 2752 3707 quanto

528 3715 574 3755 ‘·‘
601 3714 839 3783 praestet
883 3707 1166 3764 invidiam
1212 3726 1449 3765 movere
1498 3726 1678 3782 quam
1721 3706 2200 3778 misericordiam,
2229 3712 2521 3788 simulque
2572 3714 2752 3787 quale

527 3794 570 3822 “
600 3787 680 3844 sit
704 3802 1043 3843 succensere
1064 3786 1405 3860 parentibus
1428 3795 1491 3844 et
1517 3787 1934 3860 superioribus,
1959 3789 2200 3847 domum
2227 3791 2384 3847 abi.”
2471 3789 2586 3847 His
2615 3810 2750 3847 ver-

524 3866 617 3922 bis
645 3882 782 3923 eum
813 3866 1079 3923 inhibere
1105 3867 1344 3923 conanti
1363 3866 1518 3940 patri
1538 3865 1681 3921 nihil
1709 3866 1868 3922 aliud
1895 3884 2040 3939 puer
2063 3870 2386 3944 respondit,
2415 3868 2530 3925 nisi
2555 3870 2752 3928 debere

526 3944 689 4000 illum
726 3960 941 3999 sacram
978 3944 1239 4001 mulctam
1278 3946 1399 4010 deo,
1441 3951 1508 4001 ut
1547 3947 1640 4017 qui
1669 3947 1844 4017 ipsum
1882 3948 1955 4000 sit
1995 3948 2294 4005 adlocutus.
2371 3948 2532 4005 Tum
2561 3950 2746 4006 intel-

524 4022 719 4098 ligens
747 4023 1085 4090 Periander,
1112 4023 1439 4079 insanabile
1458 4030 1519 4080 et
1540 4024 1822 4079 invictum
1847 4040 1971 4080 esse
1992 4024 2157 4099 pueri
2181 4026 2428 4091 malum,
2455 4026 2750 4083 instructa

527 4097 665 4157 navi
710 4116 743 4157 e
787 4110 1108 4175 conspeetu
1148 4118 1257 4169 suo
1304 4102 1476 4159 illum
1505 4101 1818 4177 Corcyram
1846 4103 2027 4168 misit,
2055 4122 2186 4179 quae
2231 4114 2291 4161 et
2335 4106 2465 4177 ipsa
2489 4106 2746 4178 imperio

528 4176 653 4251 qius
694 4186 819 4237 erat
860 4176 1143 4251 subjecta.
1222 4180 1485 4239 Dimisso
1527 4196 1666 4238 vero
1707 4198 1912 4256 puero,
1956 4179 2218 4242 Proclem
2258 4181 2532 4247 socerum
2585 4184 2748 4243 bello
