2925 4992
1110 312 1483 373 URANIA.
2287 318 2400 373 381

192 478 235 505 “
262 479 379 537 est,
402 470 671 527 divinum
694 488 821 529 esse
837 471 991 527 hunc
1006 486 1239 539 sonum,
1258 471 1333 527 ab
1348 470 1625 528 Eleusine
1641 472 1858 528 auxilio
1877 472 2210 529 venientem
2231 474 2406 529 Athe-

192 558 239 583 “
264 550 569 607 aiensibus
592 565 917 623 eorumque
948 548 1137 605 sociis.
1216 550 1393 613 Quod
1432 551 1670 624 quidem
1711 558 2012 607 ostentum
2037 552 2088 605 si
2121 552 2409 627 Pelopon-

190 636 234 662 “
262 646 474 686 nesum
497 644 699 684 versus
738 630 931 695 cadet,
959 629 1287 702 periculum
1324 630 1433 703 ipsi
1461 630 1618 705 Regi
1643 637 1704 685 et
1741 630 2106 703 pedestribus
2133 632 2288 687 illius
2311 648 2411 687 co-

192 716 235 741 “
258 709 383 783 piis
404 705 518 765 erit
542 730 557 763 ε
602 706 695 763 sin
720 708 793 765 ad
818 707 1066 763 classem
1091 717 1469 765 convertetur
1495 726 1628 783 quae
1655 708 1948 765 Salamine
1969 716 2078 775 est,
2103 711 2410 766 navalibus

192 794 239 820 “
267 787 459 863 Regis
490 784 678 859 copiis
701 786 949 843 exitium
992 786 1370 859 portenderit.
1450 788 1652 869 Agunt
1697 796 1896 844 autem
1937 789 2252 861 quotannis
2299 790 2412 845 hoc

191 872 239 899 “
268 868 495 923 festum
523 864 911 923 Athenienses
940 863 1138 921 Cereri
1162 866 1345 923 Matri
1372 873 1432 921 et
1452 866 1852 939 Proserpinae:
1893 873 1974 933 et,
1997 867 2258 941 quisquis
2281 870 2413 925 vult

192 952 236 977 “
264 946 535 1018 ipsorum
560 950 622 999 et
649 944 1007 1018 reliquorum
1028 943 1391 1011 Graecorum,
1419 946 1509 1001 his
1537 945 1712 1001 sacris
1738 945 2046 1016 initiatur,
2079 952 2140 1001 et
2167 948 2279 1003 hoc
2305 964 2412 1004 vo·-

192 1030 237 1057 “
266 1025 354 1079 cis
380 1040 547 1089 sono,
574 1038 752 1096 quem
778 1022 969 1089 audis,
998 1022 1062 1077 in
1088 1018 1349 1093 ejusdem
1388 1022 1526 1081 festi
1563 1024 1924 1081 solemnibus
1952 1022 2231 1081 Iacchum
2257 1028 2412 1083 cele-

190 1108 237 1135 “
272 1103 491 1159 brant.’
575 1101 666 1157 Ad
708 1101 832 1157 haec
857 1100 1245 1159 Demaratum
1276 1102 1524 1159 dixisse:
1570 1109 1590 1134 ‘
1618 1100 1930 1159 Silentium
1971 1113 2134 1171 tene,
2161 1120 2274 1161 nec
2315 1107 2416 1163 alii

190 1188 238 1213 “
268 1182 543 1255 cuiquam
570 1180 683 1235 hoc
710 1180 885 1237 dicas.
928 1216 936 1224 -
964 1180 1139 1241 Quod
1164 1180 1216 1236 si
1236 1182 1393 1237 enim
1422 1182 1496 1237 ad
1524 1180 1754 1257 Regem
1785 1181 2118 1237 deferentur
2162 1183 2284 1240 haee
2311 1193 2416 1241 tua

189 1268 236 1294 “
272 1261 472 1326 verba,
498 1260 691 1332 capite
716 1258 864 1324 lues,
888 1276 997 1315 nec
1022 1267 1125 1315 aut
1150 1276 1265 1333 ego
1293 1269 1395 1315 aut
1422 1262 1738 1334 quisquam
1777 1260 2089 1317 hominum
2115 1261 2266 1320 alius
2293 1281 2414 1321 ser·-

188 1345 235 1374 “
266 1357 407 1395 vare
432 1348 493 1397 te
518 1337 753 1411 poterit.
832 1338 1032 1399 Quare
1064 1345 1131 1393 tu
1160 1339 1299 1395 sile:
1344 1339 1503 1412 quod
1543 1347 1741 1397 autem
1783 1339 1858 1396 ad
1902 1341 2219 1397 exercitum
2261 1343 2417 1399 hunc

188 1425 237 1451 “
270 1418 551 1493 pertinet,
580 1416 641 1471 id
668 1416 801 1473 Deo
824 1433 983 1473 curae
1008 1418 1156 1473 erit.’
1224 1417 1357 1473 Hoc
1384 1418 1496 1474 sibi
1517 1417 1906 1475 Demaratum
1933 1416 2014 1474 ait
2041 1421 2412 1493 praecepisse:

187 1504 236 1529 “
266 1506 403 1553 tum
431 1514 567 1552 vero
590 1513 666 1551 ex
697 1494 937 1569 pulvere
962 1503 1023 1551 et
1050 1496 1245 1551 sonitu
1276 1504 1470 1552 ortam
1495 1514 1620 1553 esse
1647 1497 1887 1563 nubem,
1917 1514 2048 1570 quae
2071 1498 2130 1553 in
2161 1499 2416 1555 sublime

191 1582 244 1608 “
270 1576 494 1639 levata,
523 1590 725 1629 versus
754 1574 1109 1630 Salaminem
1138 1574 1209 1630 ad
1253 1583 1440 1631 castra
1466 1575 1808 1631 Graecorum
1841 1576 2034 1631 delata
2059 1578 2152 1631 sit.
2235 1578 2326 1633 lta
2354 1595 2416 1633 se

195 1660 246 1687 “
272 1652 657 1718 intellexisse,
674 1654 925 1709 classem
943 1652 1157 1709 Xerxis
1185 1654 1479 1725 perditum
1495 1655 1620 1710 iri.”
1666 1654 1814 1711 Haec
1825 1655 2416 1732 DicaeuS,Theocydis

190 1733 381 1797 filius,
408 1732 716 1799 referebat,
748 1732 1135 1787 Demaratum
1162 1731 1426 1806 aliosque
1454 1740 1630 1789 testes
1659 1735 1860 1789 citans.

280 1814 379 1867 66.
421 1812 692 1866 Nauticus
725 1811 925 1865 Xerxis
962 1813 1255 1877 exercitur,
1298 1822 1609 1885 postquam
1649 1830 1723 1867 ex
1761 1810 2072 1878 Trachine,
2103 1821 2414 1885 conspecta

190 1890 500 1948 Laconica
526 1897 743 1963 strage,
772 1890 829 1944 in
863 1890 1167 1945 Histiaeam
1198 1907 1395 1945 rursus
1422 1886 1766 1961 trajecisset,
1795 1898 1910 1945 tres
1939 1890 2060 1947 diae
2095 1890 2180 1947 ibi
2219 1910 2414 1949 mora-

192 1978 297 2027 tus
328 1986 431 2043 per
458 1968 747 2041 Euripum
788 1967 1110 2042 navigavit,
1140 1977 1199 2023 et
1241 1968 1368 2024 aliis
1408 1969 1596 2025 tribus
1623 1970 1826 2025 diebus
1854 1969 2169 2027 Phalerum
2212 1988 2416 2044 perve-

192 2050 309 2105 nit.
394 2047 800 2119 Vident-utque
834 2048 981 2103 mihi
1026 2046 1351 2113 lioste5‚·et
1390 2056 1544 2103 terra
1587 2058 1647 2104 et
1685 2051 1834 2105 mari
1873 2050 2267 2119 advenienteS,
2297 2069 2418 2111 nou

200 2128 434 2182 minore
482 2123 793 2183 hominum
842 2142 1093 2183 numero
1136 2126 1399 2183 Athenas
1442 2128 1745 2194 invasisse,
1775 2146 1952 2201 quam
1995 2146 2133 2185 cum
2181 2147 2300 2204 quo
2341 2130 2416 2186 ad

200 2204 513 2279 Sepiadem
537 2212 919 2267 venet-antei:
958 2206 1029 2261 ad
1063 2204 1509 2279 Thermopylas.
1591 2206 1688 2261 Eis
1730 2208 1883 2262 enim
1927 2208 2028 2278 qui
2069 2215 2416 2281 tempestate

201 2286 523 2359 perierunt,
552 2291 611 2339 et
637 2283 739 2355 qui
770 2282 842 2338 ad
868 2284 1293 2358 Thermopylas
1320 2282 1656 2339 ceciderunt
1681 2292 1742 2339 et
1765 2285 1824 2339 in
1857 2284 2164 2341 navalibus
2197 2288 2418 2361 pugnis

202 2364 279 2419 ad
310 2363 715 2427 Artemisium,
744 2362 851 2417 hos
878 2380 1115 2435 oppono
1143 2358 1243 2435 qui
1274 2368 1415 2417 tunc
1454 2362 1726 2418 nondum
1768 2363 1951 2419 secuti
1993 2380 2193 2437 regem
2233 2373 2415 2433 erant,

194 2442 541 2508 Malienses,
568 2447 627 2497 et
649 2440 989 2508 Dorienses,
1020 2448 1080 2497 et
1106 2440 1353 2507 Locros,
1380 2447 1441 2495 et
1468 2440 1746 2511 Boeotos3
1791 2443 1892 2516 qui
1936 2458 2096 2497 nunc
2133 2444 2415 2499 omnibus

202 2522 415 2595 copiis,
442 2521 701 2593 exceptis
734 2519 1195 2593 Thespiensibus
1234 2526 1293 2575 et
1338 2518 1777 2587 Plataeensibus,
1807 2538 1942 2577 eum
1984 2522 2412 2595 sequebantur3

204 2601 279 2657 ad
322 2600 449 2655 haec
486 2600 687 2673 utique
714 2599 1027 2673 CarystioS,
1055 2607 1114 2655 et
1140 2598 1411 2664 AndrioS,
1437 2606 1498 2654 et
1522 2594 1763 2667 Tenios,
1777 2600 2160 2675 reliquosque
2199 2601 2420 2657 insula-

204 2696 344 2736 rum
368 2672 587 2734 incolas
616 2694 850 2743 omneS,
880 2685 1090 2751 praeter
1112 2679 1372 2753 quinque
1415 2678 1540 2733 illas
1581 2678 1870 2745 civitateS,
1897 2696 2144 2752 quarum
2175 2680 2422 2737 nomina

202 2774 385 2831 supra
424 2753 901 2812 commemoravi.
978 2756 1138 2812 Nam
1166 2774 1285 2829 quo
1325 2756 1518 2831 magis
1557 2757 1714 2812 intro
1755 2758 1815 2813 in
1847 2758 2136 2815 Graeciam
2175 2776 2418 2835 progre-

204 2836 479 2894 diebatur
502 2835 700 2901 Persa,
726 2842 890 2891 tanto
919 2836 1113 2908 plures
1138 2852 1275 2891 eum
1304 2834 1512 2909 populi
1533 2836 1940 2908 sequebantur.

284 2918 381 2977 6⁶7.
424 2914 743 2988 Postquam
790 2914 973 2989 igitur
1014 2913 1077 2970 hi
1116 2931 1319 2969 omnes
1346 2914 1610 2970 Athenas
1649 2922 2061 2989 pervenerant,
2094 2915 2276 2973 Pariis
2317 2935 2419 2973 ex-

200 2994 427 3068 ceptis:
462 3010 603 3049 nam
629 2992 806 3057 Parii,
834 3010 987 3065 pone
1011 3000 1311 3049 manentes
1337 2993 1397 3048 in
1426 2994 1683 3066 CythnO,
1703 2994 1928 3049 exitum
1954 2994 2094 3049 beili
2121 3004 2422 3069 exspecta-

206 3074 399 3131 bant:
442 3072 654 3145 reliqui
679 3089 819 3126 vero
858 3079 929 3127 ut
955 3071 1271 3127 Phalerum
1312 3080 1715 3144 pervenerunt,
1741 3073 1826 3127 ibi
1865 3080 2006 3128 tunc
2033 3072 2258 3129 Xerxes
2299 3074 2424 3148 ipse

204 3152 282 3210 ad
311 3151 559 3207 classem
586 3147 905 3215 descendit,
933 3168 1069 3206 cum
1099 3150 1347 3206 ducibus
1376 3151 1622 3225 cupiens
1651 3168 1950 3208 sermones
1977 3152 2262 3219 conferre,
2291 3170 2421 3211 sen-

206 3230 542 3301 tentiasque
586 3246 792 3285 eorum
842 3230 1159 3301 explorare.
1240 3228 1333 3283 Eo
1378 3230 1562 3304 igitur
1609 3230 1907 3304 profectus
1954 3248 2138 3305 quum
2177 3233 2422 3288 concilio

204 3308 564 3385 praesideret,
594 3307 833 3363 aderant
858 3308 1165 3363 convocati
1192 3309 1548 3381 populorum
1579 3310 1705 3384 regi
1743 3306 2140 3380 subjectorum
2167 3312 2423 3385 tyranni,

206 3396 269 3446 et
294 3387 569 3444 ordinum
594 3386 657 3441 in
682 3386 866 3443 classe
892 3386 1176 3459 praefecti,
1208 3387 1478 3443 sedentes
1517 3396 1694 3462 prout
1719 3389 1930 3462 cuique
1965 3390 2204 3447 illorum
2240 3390 2424 3447 hono-

206 3484 334 3524 rem
365 3484 468 3521 rex
492 3464 807 3521 tribuerat:
841 3466 1067 3539 primus
1084 3466 1345 3539 quidem,
1366 3466 1639 3523 Sidonius
1668 3484 1804 3537 rex3
1839 3476 1972 3540 post
1997 3469 2154 3525 hunc
2171 3469 2382 3544 Tyrius
2401 3495 2418 3540 3

206 3556 344 3603 tum
400 3543 628 3617 reliqui.
708 3544 831 3604 Qui
882 3552 951 3599 ut
1004 3545 1211 3600 ordine
1265 3545 1538 3619 deinceps
1589 3546 1990 3614 consederant,
2045 3546 2422 3605 Mardonium

206 3625 435 3683 Xerxes
464 3624 643 3688 misit,
672 3624 775 3697 qui
816 3630 1071 3679 tentaret
1111 3624 1383 3699 singulos
1414 3624 1941 3701 interrogaretque,
1969 3644 2043 3683 an
2085 3627 2422 3685 faciendum

210 3720 341 3762 esse
369 3704 572 3759 navale
598 3702 867 3775 praelium
897 3709 1216 3759 censerent.

288 3780 601 3854 68321.»Quos
634 3780 734 3837 ubi
758 3780 1130 3847 MardoniuS,
1156 3782 1325 3837 initio
1349 3780 1507 3838 facto
1536 3800 1571 3837 a
1597 3779 1853 3851 Sidonio,
1875 3784 2226 3841 circumiens
2253 3801 2424 3859 roga-

205 3862 317 3929 vit,
346 3851 655 3920 finmuni
698 3877 987 3917 consensu
1015 3860 1221 3933 reliqui
1258 3878 1466 3917 omnes
1509 3878 1616 3935 pro
1651 3864 1944 3919 sententia
1967 3863 2187 3928 dixere,
2200 3860 2423 3937 sacien-

206 3942 339 3997 dum
376 3940 630 4013 prcelium
668 3940 901 4006 navale5
938 3956 1058 3995 una
1085 3938 1397 3995 Artemisia
1438 3941 1564 3996 haec
1601 3940 1778 3997 verba
1815 3941 1992 3997 fecit:
2056 3946 2108 3996 1.
2151 3947 2190 3973 “
2219 3942 2332 3997 Dic
2360 3950 2426 3999 tu

206 4026 252 4052 “
284 4019 463 4093 Regi,
490 4016 821 4083 Mardonie,
863 4034 959 4074 me
1002 4018 1130 4073 haec
1175 4017 1383 4075 dicere.
1464 4018 1777 4093 Equidem,
1807 4036 1934 4092 quae
1979 4020 2042 4075 in
2093 4022 2314 4095 pugnis
2353 4023 2426 4077 ad

207 4105 252 4130 “
282 4098 581 4155 Euboeam
607 4096 908 4153 factis.nec
936 4095 1321 4171 ignavissima
1359 4098 1468 4164 fui,
1495 4116 1601 4155 nec
1641 4096 1890 4157 minima
1916 4098 2074 4155 facta
2099 4096 2271 4168 edidi,
2301 4102 2424 4157 Do-

207 4184 255 4211 “
282 4175 465 4243 mine,
496 4193 601 4250 par
640 4182 732 4233 est
771 4184 839 4232 ut
868 4191 1067 4234 veram
1108 4194 1303 4235 meam
1344 4178 1700 4235 sententiam
1741 4178 1931 4245 edam,
1961 4178 2266 4259 dicamque
2295 4197 2426 4253 quae

1831 4518 1948 4615 6
