2925 4992
1153 327 1444 386 cLlo.
2322 335 2402 394 ⁶8

169 488 300 562 sius
341 485 724 551 condidisset,
761 503 956 562 operae
991 487 1248 544 fructum
1293 505 1433 550 non
1443 496 1811 562 ·,perceperat
1850 487 1949 548 sed
1997 509 2039 548 a
2074 489 2401 550 Thracibus

175 555 318 626 erat
333 553 594 638 'ejectum
641 567 740 622 cui
771 585 928 623 nunc
971 567 1280 633 honorem,
1325 575 1396 622 ut
1437 568 1625 635 heroi,
1674 567 1895 626 habent
1934 553 2065 628 Teii
2106 571 2397 630 Abderam

171 647 542 702 habitantes,

264 729 398 781 169
459 724 572 780 Isti
635 724 826 798 igitur
889 725 1000 780 soli
1065 741 1142 780 ex
1191 724 1436 781 Ionibus
1465 723 1663 792 fuere,
1716 725 1815 798 qui
1876 727 2219 786 servitutem
2274 747 2398 790 non

173 806 568 872 sustinenteS,
629 804 847 895 patrias
913 803 1076 860 sedes
1135 805 1517 877 reliquerunt.
1624 803 1837 860 Coeteri
1894 805 2089 876 lones,
2142 809 2397 902 exceptis

171 883 451 951 Milesiis,
501 882 678 938 armis
723 899 862 938 cum
907 882 1190 956 Harpagp
1233 883 1603 954 dimicarunt,
1626 881 2143 956 quemadmodum
2186 886 2249 942 hi
2296 889 2398 960 qui

173 971 334 1019 terra
373 978 698 1026 excessere,
727 961 1024 1033 fortesque
1067 963 1178 1016 viri
1219 961 1487 1027 fuerunt,
1516 961 1735 1034 quique
1762 978 1883 1033 pro
1916 979 2025 1018 sua
2068 966 2257 1036 patria
2284 983 2396 1057 pu·

167 1050 474 1116 guantes:
509 1039 612 1095 sed
639 1039 782 1096 victi
801 1040 1262 1113 ,expugnatiun
1281 1041 1342 1096 in
1372 1057 1479 1094 sua
1502 1040 1721 1113 quique
1744 1041 1933 1112 patria
1954 1051 2259 1100 manentes
2286 1045 2399 1102 im.

169 1128 383 1194 perata
431 1119 724 1175 fecerunt.
803 1117 1022 1173 Milesii
1059 1135 1216 1186 ver0,
1259 1117 1384 1191 qui,
1429 1125 1499 1174 ut
1551 1119 1897 1190 praedictum
1938 1129 2049 1185 est,
2090 1137 2225 1178 cum
2268 1123 2399 1195 ipso

163 1202 332 1274 Cyro
386 1199 582 1254 foedus
629 1196 992 1288 pepigerant,
1039 1193 1298 1271 quietem
1351 1196 1702 1252 habuerunt.
1782 1197 1975 1270 Atque
2024 1200 2107 1254 ita
2156 1202 2395 1273 quidem

167 1273 349 1334 Ionia
373 1279 594 1334 iterum
638 1279 698 1329 in
734 1277 1041 1330 servitutem
1083 1277 1302 1331 redacta
1329 1285 1435 1331 est.
1518 1275 1839 1350 Postquam
1868 1293 2008 1332 vero
2037 1278 2212 1335 lonas
2252 1298 2395 1336 eon-

165 1357 470 1426 tinentem
495 1354 847 1429 incolentes
887 1354 1124 1429 subegit
1163 1355 1503 1428 Harpagus,
1532 1353 1795 1412 insulani
1834 1353 2027 1421 IoneS,
2058 1357 2271 1414 horum
2296 1377 2396 1416 ex·

164 1435 374 1508 emplo
399 1413 718 1508 perterriti,
745 1433 906 1488 ultro
931 1450 994 1488 se
1021 1435 1176 1507 Cyro
1199 1433 1583 1490 tradiderunt.

249 1521 390 1578 1¹70.
433 1513 554 1570 His
579 1512 752 1582 malis
779 1511 996 1586 adflicti
1041 1509 1216 1568 Iones
1257 1529 1444 1585 quum
1484 1511 1673 1568 nihilo
1714 1513 1909 1568 minus
1936 1514 2009 1570 ad
2036 1515 2392 1576 Panionium

163 1594 590 1658 convenirent,
617 1577 894 1648 Biantem
937 1581 1128 1670 civem
1167 1589 1543 1650 Prienensem
1586 1589 1761 1646 audio
1802 1593 2249 1650 saluberrimam
2274 1597 2393 1654 illis

163 1673 472 1746 aperuisse
511 1670 898 1726 sententiam·
883 1695 900 1739 ;
946 1664 1122 1742 quam
1151 1669 1202 1726 si
1228 1677 1428 1724 essent
1465 1668 1673 1732 secuti,
1707 1677 2021 1741 potuerant
2049 1671 2391 1732 Graecorum

163 1752 456 1806 omnium
503 1766 632 1806 esse
669 1747 1121 1820 opulentissimi.
1193 1746 1573 1812 Hortabatur
1612 1747 1731 1812 ille,
1762 1756 1893 1806 ut‘
1903 1750 2171 1807 ‘sociata
2206 1753 2391 1808 classe

164 1829 436 1886 “Iones
485 1828 620 1884 vela
669 1827 870 1882 darent
914 1829 1124 1892 ventis,
1170 1833 1230 1882 et
1267 1825 1340 1882 in
1394 1812 1727 1882 Sardiniam
1772 1820 2147 1921 navigare-nt,
2190 1829 2391 1905 ibique

187 1915 442 1966 ‘unam
481 1902 698 1962 Ionum
739 1902 1006 1961 omnium
1041 1897 1376 1966 conderent
1401 1905 1740 1962 civitatem.
1786 1906 1871 1962 ita
1914 1925 2043 1964 seri
2048 1908 2194 1964 1tute
2236 1910 2387 1968 libe·-

187 1993 427 2052 ‘,ratos
485 1985 804 2058 opulentos
851 1985 998 2049 fore,
1053 1984 1305 2042 insulam
1359 1985 1631 2040 omnium
1677 1985 1997 2043 maximam
2024 1988 2385 2092 obtinentes

161 2067 496 2138 “aliisque
533 2067 926 2137 imperantes:
973 2064 1074 2136 qui
1109 2063 1158 2118 si
1202 2063 1259 2118 in
1308 2062 1483 2118 Ionia
1531 2071 1854 2130 manerent,
1884 2083 2001 2121 non
2038 2047 2235 2122 videre
2262 2072 2369 2134 se,’

159 2145 270 2216 ait,
322 2150 520 2218 “quo
546 2149 720 2215 pacto
747 2141 1078 2208 libertatem
1109 2159 1388 2219 umquam
1419 2141 1537 2198 sint
1564 2145 1993 2214 recuperaturi.
1980 2146 2014 2168 ”
2098 2145 2245 2202 Haec
2270 2146 2388 2204 fuit

157 2222 400 2281 Biantis
429 2223 740 2285 sententia,
763 2239 946 2313 quum
967 2216 1124 2289 jam
1115 2221 1364 2294 perditae
1385 2227 1581 2276 essent
1606 2238 1695 2277 res
1722 2221 1961 2278 Ionum.
2046 2223 2159 2280 Sed
2182 2225 2388 2294 etiam,

157 2304 516 2376 priusquam
561 2317 798 2374 pessum
845 2300 955 2356 iret
997 2299 1183 2364 Ionia,
1214 2298 1485 2356 salutaris
1533 2299 1731 2356 fuerat
1757 2300 2025 2358 Thaletis
2072 2305 2387 2372 sententia,

158 2382 312 2436 civis
341 2380 590 2445 Milesii,
621 2376 722 2452 qui
748 2379 984 2452 generis
1011 2378 1300 2452 originem
1325 2396 1358 2435 e
1387 2377 1689 2434 Phoenicia
1720 2379 2038 2454 repetebat.
2122 2381 2183 2438 Is
2208 2382 2387 2440 Ionas

156 2469 290 2516 erat
333 2461 632 2524 hortatus,
661 2465 722 2513 ut
751 2475 916 2512 unam
955 2475 1284 2512 communem
1327 2459 1537 2512 curiam
1582 2457 1859 2524 haberent,
1876 2477 2019 2530 quae
2059 2467 2194 2517 esset
2248 2461 2385 2518 Tei:

165 2541 344 2594 Teum
373 2541 516 2594 enim
544 2537 910 2592 meditullium
935 2554 1043 2592 esse
1069 2534 1275 2592 Ioniae:
1316 2538 1539 2608 reliquoe
1577 2543 1759 2592 aulem
1788 2527 2067 2610 civitates,
2096 2556 2135 2594 a
2164 2540 2385 2596 Ionibus

159 2617 451 2684 habitam,
496 2617 668 2672 nihilo
707 2617 884 2670 minus
920 2618 1032 2670 suis
1074 2622 1355 2672 uterentur
1396 2618 1687 2681 institutis,
1711 2618 1935 2690 perinde
1978 2635 2046 2672 αι·
2088 2621 2141 2674 si
2179 2613 2387 2692 singuli

155 2703 334 2752 essent
367 2695 584 2769 populi.
665 2695 838 2751 Tales
887 2694 1002 2750 illis
1045 2695 1368 2750 sententias
1395 2694 1515 2750 duo
1550 2694 1613 2750 hi
1648 2695 1759 2750 viri
1784 2696 1845 2752 in
1874 2697 2137 2754 medium
2164 2715 2379 2773 propo-

157 2782 436 2832 suerunt.

241 2859 383 2920 171,
425 2855 596 2918 Ionia
634 2854 879 2920 subacta
917 2853 1265 2929 Harpagus
1285 2853 1508 2910 bellum
1550 2854 1751 2911 intulit
1782 2831 2067 2923 Caribus,
2114 2857 2377 2925 CauniiS,

156 2919 342 3009 atque
373 2932 602 3007 LyciiS,
623 2923 800 2989 simul
841 2941 900 2989 et
939 2931 1117 2990 Ionas
1151 2940 1211 2990 et
1237 2933 1548 2989 AEolenses
1590 2951 1789 2992 secum
1831 2935 2071 2992 ducens,
2154 2937 2381 3004 CAnss,

154 3031 308 3088 quos
333 3013 481 3080 dixi,
511 3029 586 3068 ex
611 3013 862 3070 insulis
847 3029 908 3066 in
940 3013 1342 3068 continentem
1371 3012 1517 3068 olim
1557 3011 1931 3068 advenerant.
2013 3013 2181 3072 Prius
2221 3015 2381 3072 enim

155 3093 390 3163 Minois
419 3091 670 3164 imperio
695 3088 972 3161 subjecti,
1000 3091 1366 3166 Lelegesque
1391 3090 1706 3153 nominati,
1732 3087 1949 3146 insulas
1974 3091 2381 3150 incoluerant.

153 3180 213 3228 et
243 3172 546 3228 tributum
587 3170 846 3254 quidem,
888 3169 1078 3243 quoad
1109 3187 1222 3244 ego
1263 3169 1497 3233 auditu,
1537 3168 1746 3224 ultima
1785 3177 2051 3243 tempora
2092 3179 2381 3243 repetenS,

152 3252 328 3324 potui
355 3247 734 3338 cognoscere,
766 3249 1002 3306 nullum
1047 3247 1478 3323 pependerant3
1530 3247 1655 3313 sed,
1686 3248 1913 3320 quoties
1938 3249 2143 3306 Minos
2174 3267 2379 3333 eorum

153 3347 340 3403 opera
373 3321 710 3402 indigebat,
740 3345 921 3383 naves
959 3322 1085 3396 ejus
1127 3325 1584 3399 compleverant.
1663 3328 2159 3400 Quandoquidem
2198 3319 2382 3422 igitur

153 3410 386 3466 multos
431 3413 604 3462 terrae
646 3414 866 3462 tractus
903 3405 1102 3462 Minos
1148 3406 1260 3461 sibi
1306 3400 1581 3474 subjecit,
1611 3413 1669 3460 et
1710 3405 1988 3462 felicitate
2030 3424 2173 3463 usus
2202 3415 2291 3464 est
2320 3410 2379 3464 in

156 3487 344 3554 bello,
383 3485 598 3542 Carica
623 3501 770 3560 gens
807 3486 1078 3554 omnium
1107 3485 1378 3557 gentium
1428 3500 1533 3556 per
1573 3481 1631 3538 id
1682 3491 1914 3558 tempus
1958 3480 2135 3560 longe
2186 3486 2381 3562 fuerat

153 3564 506 3624 clarissima.
586 3565 670 3620 Ac
685 3565 810 3633 tria
851 3563 966 3630 illis
1008 3563 1256 3618 inventa
1278 3560 1591 3625 debentur,
1622 3561 1835 3638 quibus
1865 3564 2056 3630 Graeci
2076 3565 2168 3621 usi
2192 3573 2371 3622 sunt:

151 3663 296 3702 nam
323 3651 394 3702 et
423 3638 611 3718 galeis
636 3643 840 3698 cristas
867 3643 1152 3734 inponere
1179 3639 1355 3715 primi
1375 3641 1554 3696 Cares
1580 3633 1851 3710 docuere,
1879 3650 1939 3699 et
1965 3640 2135 3718 signa
2159 3644 2379 3716 clypeis

155 3723 532 3796 insculpere,
580 3720 854 3794 denique,
881 3721 986 3795 qui
1011 3720 1230 3793 clypeis
1253 3735 1426 3775 ansas
1452 3711 1869 3794 adjungerent,
1898 3722 1958 3778 hi
1986 3723 2161 3794 primi
2190 3722 2377 3802 fuere,

153 3821 344 3877 quum
373 3808 554 3870 antea
575 3797 814 3874 ,clypeos
839 3801 1060 3872 absque
1079 3798 1236 3855 ansis
1263 3806 1595 3880 gestiissent
1613 3795 1971 3874 quicumque
1998 3800 2214 3878 clypeis
2238 3791 2377 3856 con

151 3873 475 3941 sueverant
518 3878 630 3944 uti,
669 3879 945 3938 coriaceis
969 3876 1108 3934 loris
1133 3873 1268 3934 iUos
1310 3869 1607 3951 regenteS,
1640 3895 1773 3952 quae
1798 3879 2010 3934 cervici
2037 3887 2095 3934 et
2135 3871 2375 3936 dextero

151 3961 408 4018 humero
438 3957 858 4030 circumligata
882 3957 1192 4020 habebant.
1271 3953 1530 4020 Deinde,
1548 3955 1740 4012 m‘ulto
1768 3965 2033 4049 tempore
2050 3951 2373 4026 interjectO,

151 4039 330 4110 Cares
361 4057 398 4095 a
426 4031 826 4094 Doriensibus
853 4045 912 4091 et
935 4034 1182 4092 Ionibus
1223 4051 1296 4089 ex
1344 4033 1551 4091 insulis
1590 4042 1735 4090 sunt
1772 4031 1965 4104 ejecti,
2004 4042 2178 4109 atque
2209 4036 2291 4092 ita
2315 4038 2374 4094 in

151 4120 564 4176 continentem
591 4123 998 4214 pervenemnt.
1079 4111 1228 4170 Haec
1267 4103 1506 4206 quidem
1534 4113 1607 4170 de
1635 4110 1881 4171 Caribus
1909 4116 2217 4172 Cretenses
2245 4133 2369 4209 me-
