2925 4992
1123 327 1418 393 (21410.
2296 337 2375 392 43

163 511 242 552 ste
273 509 418 552 cnm
455 492 644 566 cyro,
671 500 982 568 postquam
1021 501 1306 570 regnante
1345 495 1601 570 Asty-ge
1635 491 1913 550 adversus
1938 491 2147 550 Medos
2186 489 2382 550 rebel·-

161 575 407 639 lassent,
459 574 610 628 Asioe
663 591 888 646 regnum
939 572 1016 628 ab
1061 591 1134 628 eo
1181 580 1446 646 tempore
1486 575 1781 627 obtinuero.
1864 571 2183 646 Astyagem
2236 589 2377 628 vero

165 653 376 726 Cyrus,
393 651 570 707 'nullo
595 652 716 708 alio
741 653 902 708 malo
927 649 1225 718 adficiens,
1254 652 1406 724 apud
1431 669 1495 706 se
1514 652 1705 706 tenuit
1720 651 1903 706 donee
1952 652 2135 706 vitam
2166 651 2378 707 finivit.

163 730 298 787 Hoc
333 730 532 805 igitur
555 731 738 786 modo
763 738 822 787 et
863 737 1036 786 natus
1073 737 1134 786 et
1167 731 1446 786 educatus
1492 731 1677 804 Cyrus
1718 743 1971 802 regnum
2012 729 2289 795 obtinuit,
2316 735 2379 785 et

162 815 294 882 post
313 809 454 865 haec
480 807 776 875 Croesum,
807 809 904 882 qui
933 809 1124 881 ipsum
1159 809 1400 882 adgredi
1427 814 1701 880 coeperat,
1726 807 1964 872 devicit,
1986 809 2376 881 quemadmo-

165 888 306 944 dum
333 905 372 943 a
397 903 500 944 me
539 903 716 962 snpra
735 889 1076 961 expositum
1101 893 1190 943 est
1207 905 1226 943 ·:
1267 903 1390 960 quo
1431 895 1723 960 superato,
1750 887 2043 942 universae
2086 887 2239 943 Asiae
2264 889 2379 944 im-

167 965 417 1040 peravit.

245 1047 384 1100 131.
427 1043 662 1100 Psnsss
693 1059 834 1101 vero
859 1045 1020 1101 hisce
1045 1045 1134 1101 uti
1153 1045 1434 1100 institutis
1451 1050 1819 1116 compertum
1834 1045 2043 1100 habeo.
2124 1043 2383 1102 Simula-

167 1139 264 1180 cra
291 1131 352 1179 et
377 1125 608 1196 templa
625 1131 688 1179 et
705 1124 910 1180 altaria
924 1130 1180 1180 statuere
1203 1123 1368 1179 nefas
1393 1121 1761 1190 existimant3
1804 1124 2229 1196 stultitiamque
2259 1124 2377 1191 bis,

165 1199 267 1275 qui
307 1202 426 1257 hoc
465 1199 716 1268 faciunt,
743 1203 1074 1276 imputant-z
1116 1201 1356 1269 scilieet,
1381 1209 1454 1258 ‘ut
1494 1201 1640 1258 mihi
1678 1200 1927 1267 videtur,
1952 1202 2113 1274 quod
2150 1219 2265 1258 non
2304 1219 2381 1258 ex

165 1279 516 1337 hominibus
543 1288 704 1336 ortos
743 1291 846 1336 aut
875 1287 1143 1336 naturam
1187 1279 1466 1336 humanae
1492 1278 1745 1336 similem
1786 1280 2001 1336 habere
2038 1279 2197 1336 Deos
2224 1280 2381 1336 arbi-

163 1367 427 1424 trantur,
453 1359 624 1414 sicuti
651 1359 860 1415 Groeei.
939 1359 1068 1415 Illis
1082 1359 1266 1433 igitur
1287 1375 1420 1415 mos
1435 1365 1551 1426 est,
1572 1358 1753 1415 Jovi
1736 1375 1795 1414 ιιι
1812 1359 2063 1414 summis
2086 1359 2381 1415 montium

160 1433 326 1516 jugis
367 1436 564 1493 facere
607 1453 790 1504 saera,
833 1438 1176 1494 universum
1219 1438 1352 1493 coeli
1399 1437 1606 1494 orbem
1658 1434 1869 1492 Jovem
1919 1437 2383 1494 nominantibus.

168 1517 422 1574 Faciunt
435 1523 639 1572 antem
651 1523 714 1570 et
743 1515 1076 1582 Solisacra,
1087 1523 1160 1572 et
1185 1515 1395 1580 Lunae,
1423 1522 1489 1571 et
1510 1515 1728 1580 Terroe,
1756 1521 1817 1571 et
1844 1517 2045 1588 Aquae,
2074 1522 2137 1570 et
2157 1513 2383 1572 Ventis.

163 1593 248 1658 Et
265 1595 360 1650 his
377 1594 615 1667 quidem
635 1591 776 1650 solis
791 1594 1132 1651 numinibus
1151 1611 1188 1650 a
1201 1595 1404 1667 priscis
1423 1593 1559 1649 inde
1574 1593 1939 1666 temporibus
1958 1607 2121 1650 sacra
2134 1593 2382 1650 faciunt.

165 1673 588 1731 Addidicerunt
607 1686 756 1728 vero
779 1674 958 1730 etiam
985 1673 1220 1729 Uraniae
1247 1672 1592 1737 sacrificare,
1622 1672 1699 1728 ab
1722 1671 1973 1746 Assyriis
2010 1679 2071 1726 et
2094 1670 2383 1730 Arabibus

167 1757 451 1826 accepto
461 1752 604 1808 ritu.
680 1751 971 1808 Venerem
1011 1759 1212 1808 autem
1253 1749 1473 1823 Assyrii
1511 1749 1753 1824 Mylitta
1794 1750 2125 1817 nominant,
2164 1749 2383 1808 Arabes

167 1848 312 1887 vero
337 1830 564 1900 Alitta3
611 1829 802 1886 Persae
826 1831 1066 1888 Mitt-an.

253 1913 390 1965 132.
429 1908 858 1965 Sacrificiorum
903 1916 1128 1974 autem,
1157 1925 1292 1982 quae
1331 1907 1493 1966 hisee
1536 1908 1647 1965 diis
1688 1919 2057 1988 peraguntur
2094 1929 2129 1967 a
2168 1910 2385 1976 Persis,

167 1987 308 2043 talis
349 1994 443 2043 est
479 1987 652 2042 ratio,
729 1987 860 2043 Nec
903 1987 1112 2043 altaria
1151 1987 1404 2061 erigunt,
1436 2005 1547 2043 nec
1588 1989 1793 2064 ignem
1840 1991 2175 2048 accendunt
2220 2005 2387 2046 sacra

165 2067 424 2122 facturi.
469 2065 751 2122 libatione
789 2081 912 2122 non
949 2072 1220 2130 utuntur,
1259 2081 1380 2121 non
1417 2065 1589 2132 tibia,
1616 2085 1738 2124 non
1780 2069 2015 2136 insulis,
2046 2083 2163 2126 non
2208 2068 2385 2124 mola.

172 2145 262 2202 Ut
283 2146 502 2219 cuique
531 2144 652 2200 -deo
679 2161 842 2200 sacra
879 2145 1170 2218 quispiam
1201 2145 1330 2200 vult
1359 2143 1627 2211 ‘faceres
1608 2163 1671 2201 ιιι
1708 2147 1906 2204 locum
1948 2147 2241 2206 mundum
2282 2147 2387 2203 ad-

169 2224 334 2280 ducit
379 2223 712 2292 victimam,
743 2223 1038 2295 deumque
1075 2223 1338 2289 invocat,
1367 2223 1579 2279 tiaram
1618 2233 1815 2300 myrto
1834 2227 2097 2283 mmtime
2132 2226 2387 2282 cinctam

167 2309 428 2376 gestans.
509 2300 652 2357 Non
691 2308 782 2356 est
825 2309 1024 2358 autem
1049 2300 1303 2367 licitum,
1329 2307 1402 2357 *ut
1435 2301 1550 2357 sibi
1576 2303 1691 2359 soli
1721 2304 1877 2361 bona
1916 2311 2183 2378 precetur
2204 2303 2385 2358 saeri-

171 2382 394 2438 ficms.
449 2380 772 2437 sedeamus
800 2381 986 2436 Persis
1010 2386 1176 2452 atque
1211 2382 1332 2451 regi
1355 2385 1422 2436 et
1449 2379 1577 2436 bene
1613 2383 1709 2447 sit,
1732 2392 2047 2457 precatur,
2090 2384 2305 2454 quippe
2326 2382 2389 2437 in

171 2468 524 2518 cunctorum
552 2459 860 2514 Persarum
886 2475 1134 2515 numero
1159 2459 1250 2514 et
1233 2473 1360 2531 lpse
1373 2458 1724 2516 continetur.
1780 2461 2134 2535 Postquam
2120 2479 2183 2516 ιιι
2202 2460 2390 2516 frusta

173 2539 456 2595 dissecuit
503 2537 832 2604 victimam,
885 2553 1206 2624 carnesque
1261 2535 1525 2603 elixavit,
1580 2539 1899 2596 substernit
1950 2539 2159 2595 herbas
2204 2555 2387 2612 quam
2426 2578 2435 2586 -

169 2618 542 2682 tenerrimas,
569 2616 828 2672 maxime
853 2611 1164 2682 trifolium,
1193 2615 1402 2688 hisque
1425 2631 1631 2672 carnes
1668 2635 1877 2674 omnes
1902 2619 2155 2692 inponit.
2232 2617 2387 2679 Qui-

171 2696 280 2752 bus
306 2697 396 2752 ita
421 2694 742 2767 dispositis,
763 2695 854 2750 vir
875 2709 1088 2770 magus
1113 2694 1352 2750 adstans
1375 2693 1593 2750 accinit
1614 2695 1999 2772 theogeniam
2026 2695 2385 2770 quampiam,

171 2774 412 2848 qualem
439 2773 530 2828 iili
553 2789 680 2828 esse
717 2774 1173 2829 incantationem
1211 2768 1456 2829 dicunt.
1502 2788 1639 2828 nam
1668 2775 1887 2848 absque
1926 2791 2105 2850 mago
2146 2791 2268 2829 non
2296 2774 2387 2829 fas

171 2862 260 2909 est
285 2853 410 2908 illis
439 2869 608 2907 sacra
631 2847 1240 2920 facere.1nterjeeto
1269 2850 1429 2906 brevi
1450 2859 1739 2925 tempore,
1758 2856 1859 2927 qui
1884 2871 2049 2910 sacra
2072 2853 2233 2918 fecit,
2256 2869 2386 2908 car·

173 2949 280 2988 nes
303 2931 532 2996 aufert,
561 2929 762 3002 eisque
785 2929 974 2986 utitur
999 2936 1174 3004 prout
1197 2929 1254 2984 ei
1281 2929 1432 2984 ratio
1453 2930 1679 2986 suadet.

253 3015 390 3066 183.
431 3009 682 3066 Dieram
721 3009 996 3065 omnium
1036 3024 1176 3064 eum
1213 3006 1473 3062 maxime
1508 3008 1807 3072 celebrare
1838 3011 2021 3066 moris
2046 3017 2137 3068 est
2169 3010 2389 3077 Persis,

169 3107 286 3163 quo
313 3089 570 3163 quisque
608 3094 784 3142 natus
822 3094 928 3144 est.
1006 3086 1100 3142 Eo
1125 3085 1220 3142 die
1259 3099 1497 3158 aequum
1534 3095 1797 3152 censent,
1820 3089 2117 3161 copiosius
2137 3087 2389 3160 epulum

164 3185 350 3242 quam
371 3165 524 3224 alias
545 3165 871 3239 adponere:
903 3172 964 3220 et
983 3164 1401 3221 fortunatium-,s
1427 3163 1665 3236 quidem
1682 3183 1755 3221 eo
1772 3166 1869 3222 die
1886 3167 2121 3234 bovem,
2140 3183 2389 3240 equum,

171 3247 490 3310 camelum,
521 3251 624 3299 aut
647 3245 876 3300 asinum
895 3243 1235 3317 adponant
1219 3252 1539 3318 integrum,
1556 3243 1619 3299 in
1646 3245 1883 3300 camino
1898 3254 2191 3302 assatum·
2176 3287 2193 3317 ‚
2238 3263 2387 3320 pau·

169 3326 432 3400 periores
447 3339 594 3378 vero
611 3324 868 3378 minores
900 3323 1206 3396 adponant
1223 3322 1493 3414 pecudes.
1570 3321 1899 3380 Farinaceis
1939 3325 2171 3382 cibariis
2190 3326 2389 3400 paucis

173 3411 454 3468 utuntur,
477 3402 744 3456 obsoniis
759 3417 898 3456 vero
921 3408 982 3456 et
999 3400 1264 3456 secundis
1283 3399 1507 3456 mensis
1534 3402 1775 3472 multis;
1823 3404 2021 3476 eisque
2046 3421 2166 3459 non
2188 3405 2389 3470 simul,

171 3483 273 3540 sed
289 3481 603 3572 paulatim,
629 3479 850 3535 inlatis.
887 3479 1260 3553 Quapropter
1275 3479 1466 3534 Persae
1480 3479 1753 3544 dieunt,‘
1760 3481 2071 3549 ‘,Graecos
2094 3499 2283 3556 quum
2308 3482 2393 3539 ei..

177 3563 400 3618 “bum
439 3560 708 3633 capiunt,
714 3558 988 3614 desinere
1029 3558 1623 3630 esurire3quonia1n
1648 3566 1783 3629 post
1821 3577 2049 3617 coeuam
2080 3561 2226 3618 nihil
2262 3579 2391 3617 am-

177 3641 432 3714 “plins,
475 3637 634 3712 quod
672 3632 924 3706 alicujus
967 3634 1260 3693 momenti
1298 3634 1395 3703 sit,
1437 3636 1521 3691 eis
1560 3636 1915 3708 adponitur·
1957 3640 2008 3695 si
2046 3640 2185 3714 quid
2226 3640 2392 3695 enim

199 3723 428 3794 ‘porro
475 3716 902 3788 adponet-etur,
925 3731 962 3770 a
1014 3713 1374 3771 comedendo
1425 3731 1547 3770 non
1590 3731 1715 3770 esse
1770 3722 2151 3774 cessaturos.n
2233 3717 2394 3773 Vino

173 3797 422 3873 largiter
447 3793 772 3852 admodum
795 3792 1144 3868 indulgent.
1189 3811 1296 3849 nec
1333 3809 1475 3849 vero
1514 3809 1749 3858 vomere
1780 3795 1895 3852 illis
1934 3797 2092 3862 lieet,
2122 3811 2232 3851 nec
2270 3795 2393 3850 uri-

180 3892 316 3936 nam
359 3875 630 3938 mittere,·
647 3870 768 3926 alio
807 3877 1127 3945 praesente3
1172 3879 1348 3946 atque
1393 3871 1507 3926 hoc
1550 3871 1640 3927 ini
1684 3870 1771 3928 ita
1812 3874 2148 3930 observant.
2224 3871 2392 3930 Dum

181 3963 380 4012 autem
406 3953 548 4009 vino
587 3949 808 4024 largius
835 3949 1177 4024 indulgent,
1203 3950 1440 4005 interim
1468 3949 1543 4005 de
1582 3949 1753 4006 rebus
1778 3953 2036 4008 maxime
2061 3951 2223 4007 seriis
2248 3951 2395 4009 deli·-

187 4032 388 4090 berare
439 4036 844 4088 consuerunt:
889 4029 1045 4102 quod
1099 4046 1238 4085 vero
1279 4027 1737 4084 deliberantibus
1784 4030 2028 4116 placuit,
2068 4030 2127 4086 id
2177 4030 2393 4124 redium

185 4111 382 4173 herus
409 4107 572 4185 apud
611 4124 791 4182 quem
832 4103 1032 4162 habita
1053 4115 1142 4164 est
1181 4106 1543 4174 deliberatio,
1566 4108 1845 4180 postridie
1884 4103 2013 4178 ejus
2040 4109 2153 4165 diei
2172 4111 2395 4179 jejunis

185 4191 482 4266 proponit.
562 4185 742 4250 Quod
777 4185 832 4244 si
854 4178 1084 4257 jejimis
1123 4186 1284 4244 idem
1307 4183 1535 4320 placet,
1562 4187 1676 4243 hoc
1710 4193 2001 4249 utuntur·
1980 4231 2002 4264 ,
2046 4189 2139 4247 sin
2166 4189 2395 4258 minus,

1237 4281 1280 4320 o
