2925 4992
977 274 1362 337 PQLYMN
1379 274 1484 335 lA.
2221 278 2345 337 325

177 425 516 509 hujusmodi:
556 432 790 506 quando
813 450 951 491 cum
993 434 1260 493 hostibus
1291 436 1771 513 congrediuntur,
1800 430 2121 512 projiciunt
2146 434 2345 503 funes,

178 526 395 581 quorum
446 511 504 567 in
549 512 918 571 extremitate
963 513 1158 589 laquei
1207 524 1366 573 sunt.
1468 515 1767 588 Quidquid
1810 516 2123 587 prehendit
2166 514 2347 583 funis,

177 588 279 643 sive
301 606 467 663 equus
491 590 583 655 sit,
613 592 736 647 sive
764 592 964 657 home,
993 592 1049 649 id
1079 594 1149 665 ad
1193 612 1274 651 se‘
1296 595 1475 651 trahit
1518 612 1733 669 eques3
1777 602 1840 651 et
1868 594 1963 649 ille
1992 595 2203 667 laqueo
2232 594 2348 651 itu-.-

179 666 393 801 plicatlus
421 667 770 727 interficitur.
810 738 817 745 .
849 668 1010 727 Talis
1058 672 1269 729 horum
1309 691 1511 750 pugna
1550 682 1676 744 est3
1724 674 1901 729 locati
1934 682 2135 729 autem
2180 679 2349 729 erant

181 761 300 801 cum
370 764 520 803 ersis.

175 876 184 883 .
241 828 324 879 86.
363 824 511 881 Medi
533 830 735 901 equites
757 828 964 885 eodem
990 830 1186 897 mod0,
1213 848 1332 905 quo
1359 830 1609 904 pedites,
1630 831 1900 889 instructi
1926 840 2089 887 erant
2114 856 2129 887 a
2178 833 2350 887 item-

174 916 268 973 que
293 904 468 959 Cissii.
546 906 812 963 Indorum
859 906 1002 963 item
1053 909 1248 965 cultus
1291 918 1351 965 et
1393 928 1561 967 arma
1602 911 1809 973 eadem
1836 918 2011 984 atque
2041 911 2345 983 peditumg,

175 979 438 1039 habebant
462 992 656 1041 autem
702 994 762 1043 et
802 1003 986 1059 equos
1012 987 1272 1051 sellai-ios
1313 995 1372 1043 et
1411 1006 1655 1045 currus:
1688 985 1887 1060 juncti
1918 997 2117 1045 autem
2148 1006 2353 1047 curtus

171 1068 316 1115 erant
341 1065 548 1135 partim
575 1066 762 1138 equiS,
791 1066 1004 1139 partim
1035 1066 1214 1121 asinis
1238 1067 1643 1141 sylvestribus.
1720 1066 2092 1125 Baeti-iorum
2120 1084 2355 1141 quoque

171 1137 338 1195 cultus
375 1142 639 1213 equitum
673 1144 828 1199 idem
871 1160 940 1199 ac
981 1144 1280 1217 peditum:
1327 1147 1657 1221 pariterque
1686 1146 2050 1219 Caspiorum.
2134 1146 2349 1221 Libyes

169 1214 310 1285 item,
333 1221 432 1293 qui
456 1238 593 1283 cum
617 1223 784 1297 equis
811 1222 1074 1289 aderant,
1099 1224 1308 1281 eodem
1349 1226 1515 1283 cultu
1558 1236 1741 1299 atque
1768 1225 1989 1298 pedites
2036 1233 2209 1282 erant
2256 1224 2349 1281 in-

172 1297 384 1367 structi3
426 1300 526 1357 sed
557 1300 624 1355 hi
648 1300 886 1374 quidem
926 1304 1126 1360 cuncti
1165 1320 1366 1360 currus
1409 1306 1678 1379 agebant.
1760 1304 2139 1377 Caspii-orum
2166 1303 2351 1361 etiam

169 1380 220 1429 et
255 1374 675 1435 Parieaniorum
704 1388 764 1435 et
788 1379 1050 1437 Arabum
1091 1383 1358 1455 equitum
1399 1384 1597 1441 cultus
1624 1390 1685 1439 et
1708 1400 1874 1439 arma
1904 1382 2051 1437 nihil
2078 1400 2111 1437 a
2136 1382 2349 1455 pediti-

168 1450 259 1507 bus
285 1454 617 1513 differebant
637 1474 658 1512 ε
701 1459 800 1515 sed
829 1458 1046 1531 Arabes
1085 1478 1294 1517 omnes
1333 1462 1575 1519 camelis
1604 1462 1987 1527 vehebantur,
2016 1461 2116 1535 qui
2142 1461 2349 1517 celeri·-

166 1536 268 1587 tate
291 1551 401 1591 uon
430 1536 648 1593 cedunt
674 1538 852 1609 equiS.
2102 1598 2109 1605 ,

231 1614 316 1675 87.
357 1612 434 1669 Hi
457 1632 604 1691 ergo
645 1618 754 1673 soli
793 1616 998 1691 populi
1036 1618 1366 1691 equitatum
1407 1618 1817 1675 contulerant·
1880 1618 2153 1681 Numerus
2207 1636 2347 1676 vero

166 1693 374 1759 equitum
399 1694 708 1767 octoginta
757 1696 1012 1753 millium
1054 1697 1186 1763 fuit,
1223 1699 1481 1769 exceptis
1522 1698 1760 1755 camelis
1804 1706 1863 1755 et
1907 1696 2189 1753 curribus.
2268 1698 2349 1755 Et

162 1767 339 1843 reliqui
365 1772 603 1845 quidem
651 1774 873 1848 equites
916 1776 1222 1833 turmatim
1270 1776 1727 1833 ordinabantur:
1770 1776 1989 1833 Arabes
2020 1795 2157 1833 vero
2187 1778 2347 1835 loea-

163 1844 352 1931 bantur
389 1853 808 1929 postremihne
847 1853 1070 1911 scilicet
1109 1856 1244 1928 equi
1283 1862 1835 1924 consternarentur:
1880 1856 2149 1911 camelos·
2188 1856 2347 1913 enim

162 1942 294 2001 aegre
318 1930 620 2002 patiuntur
644 1932 796 2005 equi.
2326 1975 2333 2001 :

227 2010 313 2062 88.
347 2008 654 2083 Equitatui
703 2010 962 2084 praefecti
1005 2019 1170 2069 erant
1215 2012 1687 2079 Harmamithres
1728 2022 1788 2069 et
1838 2013 2125 2079 Tithaeus,
2178 2012 2349 2072 Datis

162 2080 264 2139 filii.
363 2088 612 2163 Collega
655 2090 868 2149 horum
897 2090 1296 2157 PharnueheS,
1332 2093 1541 2150 tertius
1584 2092 1893 2170 praefectus
1932 2092 2231 2164 equitum,
2268 2092 2349 2155 ob

160 2163 403 2222 morbum
433 2166 714 2231 Sardibus
755 2177 881 2225 erat
920 2170 1192 2226 relictus:
1235 2189 1420 2244 quum
1461 2170 1621 2227 enim
1652 2172 1930 2227 Sardibus
1970 2170 2348 2244 egrederetur

160 2245 436 2313 exercituS,
465 2246 652 2303 tristis
679 2247 818 2303 huie
842 2266 1008 2305 casus
1035 2250 1338 2308 acciderat.
1381 2250 1544 2305 Dum
1572 2267 1725 2322 equo
1754 2250 2004 2311 vehitur,
2035 2248 2146 2303 sub
2174 2248 2351 2321 pedes

159 2321 274 2393 equi
300 2323 860 2381 intercurrit-canis:
905 2336 963 2383 et
1009 2344 1216 2400 equuS,
1245 2329 1348 2401 qui
1393 2328 1561 2383 illum
1613 2346 1733 2386 non
1777 2334 2171 2401 prospexerat,
2196 2342 2346 2383 con·

157 2410 412 2459 sternatus
455 2411 686 2461 rectum
717 2422 844 2461 sese
881 2405 1076 2479 erigit,
1105 2414 1162 2461 et
1191 2406 1597 2463 Pharnuchem
1647 2406 1909 2475 excutit3
1955 2405 2058 2477 qui
2096 2405 2349 2461 humum

158 2478 432 2553 prolapsus
497 2484 856 2557 sanguinem
918 2484 1206 2551 evomuit,
1259 2492 1318 2540 et
1349 2476 1434 2539 ¹in
1488 2484 1751 2558 phthisin
1802 2483 2043 2539 morbus
2096 2480 2353 2539 transiit.

156 2553 370 2639 Equum
397 2569 602 2629 autem
627 2562 828 2619 statim
859 2562 1028 2619 initio
1055 2582 1125 2619 ea
1146 2581 1322 2637 poena
1347 2562 1689 2619 adfecerunt
1716 2558 1943 2627 famuli,
1966 2580 2147 2635 quam
2172 2562 2347 2626 herus

149 2636 331 2701 Jussit:
376 2640 435 2697 in
461 2658 604 2713 eum
630 2642 828 2697 locum
857 2642 1130 2712 deducto,
1155 2642 1258 2699 ubi
1283 2642 1493 2699 herum
1516 2650 1870 2708 excusserat,
1890 2658 2061 2697 crura
2086 2641 2147 2695 in
2180 2640 2349 2715 geni·
2418 2646 2426 2657 ⁴

157 2712 248 2771 bus
273 2719 676 2789 praeciderunt.
755 2720 852 2775 Ita
883 2720 1252 2780 Pharnuches
1280 2720 1629 2795 praefectura
1654 2721 1917 2795 equitum
1946 2717 2177 2775 excidit.

223 2797 307 2849 89.
355 2798 625 2855 Triremes
665 2816 914 2857 numero
941 2800 1105 2857 fuere
1143 2799 1308 2863 mille
1347 2800 1612 2855 ducentae
1638 2809 1697 2855 et
1722 2809 1984 2871 septem:
2030 2816 2173 2871 quas
2198 2815 2349 2872 praev

156 2868 380 2933 buerant
407 2877 468 2932 hi
499 2878 724 2950 populi.
808 2878 1130 2944 PhoeniceS,
1157 2896 1292 2934 cum
1317 2876 1471 2950 Syris
1502 2878 1843 2943 Palaestinae,
1874 2884 2179 2933 trecentas.
2236 2877 2347 2941 Ar·⁸

153 2960 360 3009 matura
396 2956 616 3011 horum
656 2951 996 3025 hujusmodi
1039 2965 1195 3013 erat:
1239 2958 1433 3029 capita
1472 2956 1657 3029 galeis
1697 2964 1873 3023 tecta,
1906 2951 2195 3011 similibus
2224 2954 2348 3013 fere

156 3028 478 3090 Graecanicis
507 3034 730 3109 galeis;
763 3037 915 3091 cirea
941 3052 1150 3109 corpus
1175 3035 1445 3091 thoraces
1465 3035 1635 3091 lintei
1650 3060 1666 3105 3
1702 3046 1829 3091 tum
1858 3040 2025 3089 scuta
2052 3032 2350 3093 habebant

152 3122 382 3178 quorum
424 3131 550 3185 orae
589 3112 746 3169 ferro
787 3132 912 3171 non
959 3121 1129 3179 erant
1168 3113 1434 3179 munitae,
1463 3121 1523 3169 et
1538 3109 1755 3183 jacula.
1836 3113 2137 3169 Phoenices
2168 3112 2248 3178 hi,
2278 3120 2348 3169 ut

152 3187 295 3245 aiunt
337 3192 474 3263 ipsi,
507 3191 656 3247 olim
702 3192 776 3249 ad
807 3211 957 3249 mare
987 3194 1233 3249 Rubrum
1279 3192 1721 3248 habitaverant:
1772 3194 1931 3249 illinc
1977 3191 2345 3266 transgressi,

151 3280 294 3323 nunc
335 3266 512 3343 Syriae
555 3288 722 3327 oram
767 3272 1120 3329 maritimam
1154 3271 1439 3331 incolunt.
1520 3271 1701 3345 Syriae
1741 3282 1942 3327 autem
1990 3271 2080 3327 hic
2125 3277 2348 3327 tractus

151 3346 344 3415 omniS,
389 3367 582 3423 usque
619 3350 692 3405 ad
735 3346 1094 3426 AEgyptum,
1149 3351 1460 3407 Palaestina
1500 3357 1759 3409 vocatur.
1860 3348 2115 3425 AEgyptii
2168 3366 2349 3407 naves

150 3425 505 3495 praebuerant
557 3428 858 3486 ducentas.
958 3430 1042 3493 Hi
1087 3430 1292 3502 plexas
1335 3429 1653 3503 gestabant
1699 3428 1920 3504 galeas,
1974 3435 2140 3483 scuta
2180 3445 2347 3495 cava,

150 3519 376 3573 quorum
405 3525 534 3563 orae
561 3507 749 3574 multo
776 3508 932 3571 ferro
957 3517 1123 3565 erant
1153 3509 1430 3572 munitae,⁸
1447 3509 1643 3563 hastas
1670 3510 1741 3579 ad
1786 3507 2051 3563 navalem
2085 3524 2345 3581 pugnam

149 3594 522 3656 comparatas,
550 3594 610 3655 et
637 3584 924 3661 ingentes
948 3587 1252 3661 bipennes.
1313 3583 1661 3645 -Multitudo,
1685 3580 1887 3643 eorum
1915 3586 2181 3641 thoraces
2208 3601 2347 3658 ges-

147 3659 354 3729 tabant,
385 3682 759 3739 magnosque
783 3666 1014 3741 gladios
1041 3665 1355 3728 habebant.
1421 3665 1583 3721 Talis
1613 3666 1821 3721 horum
1848 3676 2141 3722 armatura
2170 3669 2311 3719 erat.

209 3746 306 3797 90.
345 3742 551 3818 Cyprii
579 3762 754 3801 naves
777 3746 1147 3819 praebuerant
1181 3752 1418 3801 eentum
1455 3752 1515 3803 et
1554 3745 2001 3818 quinquaginta,
2032 3742 2142 3797 hoc
2169 3738 2349 3829 mpdo

148 3822 357 3879 armati.
445 3824 640 3897 Reges
667 3841 870 3879 eorum
915 3832 1092 3897 caput
1130 3820 1306 3879 mitra
1349 3823 1705 3879 obvolutum
1760 3822 2088 3878 habebant:
2140 3819 2348 3893 relxqui

144 3902 354 3959 tunicas
403 3902 557 3975 [sire
600 3902 848 3973 cidares]
895 3902 1250 3977 gestabant:
1297 3909 1508 3959 cratera
1555 3911 1623 3961 ut
1660 3902 1867 3957 Graeci.
1950 3900 2103 3953 Sunt
2146 3906 2345 3957 autem

147 3976 487 4053 Cypriorum
531 3980 724 4055 plures
761 3982 1002 4055 populi:
1045 3981 1146 4051 alii
1195 3979 1495 4043 Salamine
1536 3990 1597 4037 et
1635 3980 1883 4039 Athenis
1920 3976 2151 4042 oriundi
2184 4001 2201 4045 3
2246 3978 2349 4035 alii
2426 4000 2433 4009 ·

143 4072 208 4113 ex
229 4059 472 4131 Areadia
491 4085 510 4131 3
555 4060 658 4131 alii
691 4060 1072 4136 ex'Cythno3
1117 4058 1296 4123 aliie
1343 4059 1649 4135 P-hoeniee3
1692 4058 1795 4119 alii
1820 4074 1893 4117 ex
1916 4054 2247 4132 AEthiopia,
2274 4064 2347 4115 ut

144 4134 242 4210 ipsi
263 4139 467 4217 Cyprii
493 4138 822 4199 adfirmant.
903 4136 914 4143 ’
