<?xml version="1.0" encoding="UTF-8"?>
<!DOCTYPE html PUBLIC "-//W3C//DTD XHTML 1.0 Transitional//EN"
    "http://www.w3.org/TR/xhtml1/DTD/xhtml1-transitional.dtd">
<html xmlns="http://www.w3.org/1999/xhtml" xml:lang="en" lang="en">
 <head>
  <title>
</title>
<meta http-equiv="Content-Type" content="text/html;charset=utf-8" />
  <meta name='ocr-system' content='tesseract 3.04.00' />
  <meta name='ocr-capabilities' content='ocr_page ocr_carea ocr_par ocr_line ocrx_word'/>
</head>
<body>
  <div class='ocr_page' id='page_1' title='image "./herodotihistori00schagoog_0072.png"; bbox 0 0 2925 4992; ppageno 0'>
   <div class='ocr_carea' id='block_1_1' title="bbox 551 329 2157 403">
    <p class='ocr_par' dir='ltr' id='par_1_1' title="bbox 551 329 2157 403">
     <span class='ocr_line' id='line_1_1' title="bbox 551 329 2157 403; baseline -0.003 -10"><span class='ocrx_word' id='word_1_1' title='bbox 551 339 628 394; x_wconf 78' lang='lat'>66</span> <span class='ocrx_word' id='word_1_2' title='bbox 1119 331 1624 403; x_wconf 65' lang='lat' dir='ltr'>ussssonom‘</span> <span class='ocrx_word' id='word_1_3' title='bbox 1678 329 2043 389; x_wconf 68' lang='lat' dir='ltr'>HlsToR.</span> <span class='ocrx_word' id='word_1_4' title='bbox 2108 329 2157 388; x_wconf 90' lang='lat'>1.</span> 
     </span>
    </p>
   </div>
   <div class='ocr_carea' id='block_1_2' title="bbox 479 487 2765 4112">
    <p class='ocr_par' dir='ltr' id='par_1_2' title="bbox 479 487 2765 4096">
     <span class='ocr_line' id='line_1_2' title="bbox 552 487 2739 623; baseline -0.001 -73"><span class='ocrx_word' id='word_1_5' title='bbox 552 509 824 568; x_wconf 75' lang='lat' dir='ltr'>prospere</span> <span class='ocrx_word' id='word_1_6' title='bbox 859 492 1166 558; x_wconf 74' lang='lat' dir='ltr'>cessisset,</span> <span class='ocrx_word' id='word_1_7' title='bbox 1206 487 1370 623; x_wconf 49' lang='lat' dir='ltr'>bisti?</span> <span class='ocrx_word' id='word_1_8' title='bbox 1409 489 1559 546; x_wconf 83' lang='lat' dir='ltr'>datis</span> <span class='ocrx_word' id='word_1_9' title='bbox 1598 489 1908 558; x_wconf 86' lang='lat' dir='ltr'>mandatis,</span> <span class='ocrx_word' id='word_1_10' title='bbox 1936 489 2071 546; x_wconf 81' lang='lat' dir='ltr'>illos</span> <span class='ocrx_word' id='word_1_11' title='bbox 2108 487 2331 546; x_wconf 78' lang='lat' dir='ltr'>remisit</span> <span class='ocrx_word' id='word_1_12' title='bbox 2356 489 2441 546; x_wconf 81' lang='lat' dir='ltr'>in</span> <span class='ocrx_word' id='word_1_13' title='bbox 2458 487 2739 558; x_wconf 57' lang='lat' dir='ltr'>Peneum,</span> 
     </span>
     <span class='ocr_line' id='line_1_3' title="bbox 552 565 2741 722; baseline -0.001 -16"><span class='ocrx_word' id='word_1_14' title='bbox 552 569 1318 722; x_wconf 48' lang='grc' dir='ltr'>ἱρξοζθῗξεηὲιῖχεᾼᾞὲ,</span> <span class='ocrx_word' id='word_1_15' title='bbox 1345 585 1539 719; x_wconf 49' lang='lat' dir='ltr'>{¹:1¹3ss</span> <span class='ocrx_word' id='word_1_16' title='bbox 1571 565 1838 704; x_wconf 52' lang='grc' dir='ltr'>ιιξιξΐιῖῢεειξιι</span> <span class='ocrx_word' id='word_1_17' title='bbox 1876 646 2345 722; x_wconf 77' lang='lat' dir='ltr'>Massagetarum</span> <span class='ocrx_word' id='word_1_18' title='bbox 2394 655 2547 704; x_wconf 85' lang='lat' dir='ltr'>terra</span> <span class='ocrx_word' id='word_1_19' title='bbox 2570 647 2741 722; x_wconf 85' lang='lat' dir='ltr'>quie-</span> 
     </span>
     <span class='ocr_line' id='line_1_4' title="bbox 551 724 2742 804; baseline -0.001 -18"><span class='ocrx_word' id='word_1_20' title='bbox 551 731 732 786; x_wconf 87' lang='lat' dir='ltr'>scenti</span> <span class='ocrx_word' id='word_1_21' title='bbox 759 729 914 804; x_wconf 83' lang='lat' dir='ltr'>Cyro</span> <span class='ocrx_word' id='word_1_22' title='bbox 949 728 1142 784; x_wconf 79' lang='lat' dir='ltr'>visum</span> <span class='ocrx_word' id='word_1_23' title='bbox 1187 726 1452 782; x_wconf 85' lang='lat' dir='ltr'>oblatum</span> <span class='ocrx_word' id='word_1_24' title='bbox 1494 733 1585 781; x_wconf 85' lang='lat' dir='ltr'>est</span> <span class='ocrx_word' id='word_1_25' title='bbox 1614 726 1773 782; x_wconf 85' lang='lat' dir='ltr'>tale.·</span> <span class='ocrx_word' id='word_1_26' title='bbox 1825 724 2001 780; x_wconf 83' lang='lat' dir='ltr'>Visus</span> <span class='ocrx_word' id='word_1_27' title='bbox 2040 725 2153 782; x_wconf 88' lang='lat' dir='ltr'>sibi</span> <span class='ocrx_word' id='word_1_28' title='bbox 2192 735 2283 782; x_wconf 79' lang='lat' dir='ltr'>est</span> <span class='ocrx_word' id='word_1_29' title='bbox 2318 743 2424 799; x_wconf 84' lang='lat' dir='ltr'>per</span> <span class='ocrx_word' id='word_1_30' title='bbox 2458 743 2742 784; x_wconf 83' lang='lat' dir='ltr'>somnum</span> 
     </span>
     <span class='ocr_line' id='line_1_5' title="bbox 551 803 2741 882; baseline -0.002 -18"><span class='ocrx_word' id='word_1_31' title='bbox 551 809 886 882; x_wconf 78' lang='lat' dir='ltr'>conspicere</span> <span class='ocrx_word' id='word_1_32' title='bbox 914 805 1168 862; x_wconf 79' lang='lat' dir='ltr'>filiorum</span> <span class='ocrx_word' id='word_1_33' title='bbox 1195 803 1509 878; x_wconf 74' lang='lat' dir='ltr'>Hystaspis</span> <span class='ocrx_word' id='word_1_34' title='bbox 1535 804 1859 862; x_wconf 86' lang='lat' dir='ltr'>maximum</span> <span class='ocrx_word' id='word_1_35' title='bbox 1888 813 2053 870; x_wconf 87' lang='lat' dir='ltr'>natu,</span> <span class='ocrx_word' id='word_1_36' title='bbox 2076 805 2245 861; x_wconf 85' lang='lat' dir='ltr'>alas</span> <span class='ocrx_word' id='word_1_37' title='bbox 2230 823 2291 860; x_wconf 85' lang='lat' dir='ltr'>m</span> <span class='ocrx_word' id='word_1_38' title='bbox 2334 805 2588 862; x_wconf 85' lang='lat' dir='ltr'>humeris</span> <span class='ocrx_word' id='word_1_39' title='bbox 2626 805 2741 862; x_wconf 77' lang='lat' dir='ltr'>ha·-</span> 
     </span>
     <span class='ocr_line' id='line_1_6' title="bbox 551 881 2742 958; baseline -0.002 -16"><span class='ocrx_word' id='word_1_40' title='bbox 551 887 812 950; x_wconf 85' lang='lat' dir='ltr'>bentem,</span> <span class='ocrx_word' id='word_1_41' title='bbox 853 893 914 940; x_wconf 91' lang='lat' dir='ltr'>et</span> <span class='ocrx_word' id='word_1_42' title='bbox 949 884 1157 940; x_wconf 88' lang='lat' dir='ltr'>harum</span> <span class='ocrx_word' id='word_1_43' title='bbox 1197 882 1380 939; x_wconf 86' lang='lat' dir='ltr'>altera</span> <span class='ocrx_word' id='word_1_44' title='bbox 1423 882 1623 938; x_wconf 80' lang='lat' dir='ltr'>Asiam</span> <span class='ocrx_word' id='word_1_45' title='bbox 1664 881 2139 950; x_wconf 75' lang='lat' dir='ltr'>obumbrantem,</span> <span class='ocrx_word' id='word_1_46' title='bbox 2190 883 2375 939; x_wconf 80' lang='lat' dir='ltr'>altera</span> <span class='ocrx_word' id='word_1_47' title='bbox 2419 883 2742 958; x_wconf 80' lang='lat' dir='ltr'>Europam.</span> 
     </span>
     <span class='ocr_line' id='line_1_7' title="bbox 547 961 2743 1054; baseline -0.002 -32"><span class='ocrx_word' id='word_1_48' title='bbox 547 963 695 1022; x_wconf 88' lang='lat' dir='ltr'>Erat</span> <span class='ocrx_word' id='word_1_49' title='bbox 733 971 934 1022; x_wconf 86' lang='lat' dir='ltr'>autem</span> <span class='ocrx_word' id='word_1_50' title='bbox 976 962 1276 1054; x_wconf 76' lang='lat' dir='ltr'>Hystaspi,</span> <span class='ocrx_word' id='word_1_51' title='bbox 1316 962 1573 1047; x_wconf 75' lang='lat' dir='ltr'>Arsamis</span> <span class='ocrx_word' id='word_1_52' title='bbox 1609 961 1755 1027; x_wconf 82' lang='lat' dir='ltr'>filio,</span> <span class='ocrx_word' id='word_1_53' title='bbox 1794 977 1866 1015; x_wconf 85' lang='lat' dir='ltr'>ex</span> <span class='ocrx_word' id='word_1_54' title='bbox 1905 961 2445 1018; x_wconf 63' lang='lat' dir='ltr'>Achaimenidai-um</span> <span class='ocrx_word' id='word_1_55' title='bbox 2488 961 2743 1028; x_wconf 83' lang='lat' dir='ltr'>familia,</span> 
     </span>
     <span class='ocr_line' id='line_1_8' title="bbox 550 1035 2745 1116; baseline -0.002 -16"><span class='ocrx_word' id='word_1_56' title='bbox 550 1044 706 1110; x_wconf 77' lang='lat' dir='ltr'>filius</span> <span class='ocrx_word' id='word_1_57' title='bbox 737 1051 877 1100; x_wconf 86' lang='lat' dir='ltr'>natu</span> <span class='ocrx_word' id='word_1_58' title='bbox 904 1042 1196 1098; x_wconf 83' lang='lat' dir='ltr'>maximus</span> <span class='ocrx_word' id='word_1_59' title='bbox 1225 1039 1459 1105; x_wconf 82' lang='lat' dir='ltr'>Darius,</span> <span class='ocrx_word' id='word_1_60' title='bbox 1492 1035 1725 1109; x_wconf 74' lang='lat' dir='ltr'>juvenis</span> <span class='ocrx_word' id='word_1_61' title='bbox 1750 1045 1897 1094; x_wconf 89' lang='lat' dir='ltr'>tunc</span> <span class='ocrx_word' id='word_1_62' title='bbox 1924 1040 2201 1112; x_wconf 90' lang='lat' dir='ltr'>temporis</span> <span class='ocrx_word' id='word_1_63' title='bbox 2228 1041 2442 1116; x_wconf 81' lang='lat' dir='ltr'>viginti</span> <span class='ocrx_word' id='word_1_64' title='bbox 2480 1041 2745 1096; x_wconf 70' lang='lat' dir='ltr'>niaxime</span> 
     </span>
     <span class='ocr_line' id='line_1_9' title="bbox 549 1116 2741 1193; baseline -0.002 -14.922"><span class='ocrx_word' id='word_1_65' title='bbox 549 1139 879 1178; x_wconf 76' lang='lat' dir='ltr'>aznnorum</span> <span class='ocrx_word' id='word_1_66' title='bbox 925 1121 1088 1193; x_wconf 82' lang='lat' dir='ltr'>isque</span> <span class='ocrx_word' id='word_1_67' title='bbox 1116 1118 1348 1175; x_wconf 90' lang='lat' dir='ltr'>relictus</span> <span class='ocrx_word' id='word_1_68' title='bbox 1371 1125 1497 1172; x_wconf 90' lang='lat' dir='ltr'>erat</span> <span class='ocrx_word' id='word_1_69' title='bbox 1522 1118 1585 1173; x_wconf 90' lang='lat' dir='ltr'>in</span> <span class='ocrx_word' id='word_1_70' title='bbox 1610 1116 1865 1181; x_wconf 87' lang='lat' dir='ltr'>Perside,</span> <span class='ocrx_word' id='word_1_71' title='bbox 1894 1118 2109 1192; x_wconf 87' lang='lat' dir='ltr'>quippe</span> <span class='ocrx_word' id='word_1_72' title='bbox 2132 1119 2447 1174; x_wconf 86' lang='lat' dir='ltr'>militarem</span> <span class='ocrx_word' id='word_1_73' title='bbox 2473 1120 2741 1176; x_wconf 85' lang='lat' dir='ltr'>nondum</span> 
     </span>
     <span class='ocr_line' id='line_1_10' title="bbox 552 1196 2743 1272; baseline -0.001 -15"><span class='ocrx_word' id='word_1_74' title='bbox 552 1202 776 1257; x_wconf 75' lang='lat' dir='ltr'>habens</span> <span class='ocrx_word' id='word_1_75' title='bbox 799 1207 1052 1256; x_wconf 85' lang='lat' dir='ltr'>aetatem.</span> <span class='ocrx_word' id='word_1_76' title='bbox 1133 1197 1185 1252; x_wconf 87' lang='lat' dir='ltr'>E</span> <span class='ocrx_word' id='word_1_77' title='bbox 1213 1213 1425 1254; x_wconf 87' lang='lat' dir='ltr'>somno</span> <span class='ocrx_word' id='word_1_78' title='bbox 1439 1202 1805 1269; x_wconf 84' lang='lat' dir='ltr'>experrectus</span> <span class='ocrx_word' id='word_1_79' title='bbox 1830 1196 2039 1272; x_wconf 80' lang='lat' dir='ltr'>Cyrus,</span> <span class='ocrx_word' id='word_1_80' title='bbox 2062 1197 2135 1252; x_wconf 88' lang='lat' dir='ltr'>de</span> <span class='ocrx_word' id='word_1_81' title='bbox 2159 1197 2361 1254; x_wconf 86' lang='lat' dir='ltr'>oblato</span> <span class='ocrx_word' id='word_1_82' title='bbox 2384 1198 2511 1254; x_wconf 84' lang='lat' dir='ltr'>viso</span> <span class='ocrx_word' id='word_1_83' title='bbox 2534 1215 2743 1254; x_wconf 79' lang='lat' dir='ltr'>secum</span> 
     </span>
     <span class='ocr_line' id='line_1_11' title="bbox 551 1273 2737 1353; baseline -0.001 -18"><span class='ocrx_word' id='word_1_84' title='bbox 551 1278 802 1353; x_wconf 83' lang='lat' dir='ltr'>eogitab·</span> <span class='ocrx_word' id='word_1_85' title='bbox 805 1285 886 1334; x_wconf 69' lang='lat' dir='ltr'>tt:</span> <span class='ocrx_word' id='word_1_86' title='bbox 945 1275 1101 1349; x_wconf 81' lang='lat' dir='ltr'>quod</span> <span class='ocrx_word' id='word_1_87' title='bbox 1143 1292 1326 1349; x_wconf 87' lang='lat' dir='ltr'>quum</span> <span class='ocrx_word' id='word_1_88' title='bbox 1371 1273 1458 1329; x_wconf 86' lang='lat' dir='ltr'>illi</span> <span class='ocrx_word' id='word_1_89' title='bbox 1501 1275 1701 1349; x_wconf 82' lang='lat' dir='ltr'>magni</span> <span class='ocrx_word' id='word_1_90' title='bbox 1742 1274 2037 1331; x_wconf 84' lang='lat' dir='ltr'>videretur</span> <span class='ocrx_word' id='word_1_91' title='bbox 2074 1292 2199 1330; x_wconf 89' lang='lat' dir='ltr'>esse</span> <span class='ocrx_word' id='word_1_92' title='bbox 2240 1277 2551 1340; x_wconf 80' lang='lat' dir='ltr'>momenti,</span> <span class='ocrx_word' id='word_1_93' title='bbox 2600 1275 2737 1350; x_wconf 80' lang='lat' dir='ltr'>Hy-</span> 
     </span>
     <span class='ocr_line' id='line_1_12' title="bbox 550 1349 2744 1432; baseline -0.001 -20"><span class='ocrx_word' id='word_1_94' title='bbox 550 1367 785 1432; x_wconf 80' lang='lat' dir='ltr'>staspen</span> <span class='ocrx_word' id='word_1_95' title='bbox 817 1357 890 1413; x_wconf 87' lang='lat' dir='ltr'>ad</span> <span class='ocrx_word' id='word_1_96' title='bbox 917 1373 978 1412; x_wconf 90' lang='lat' dir='ltr'>se</span> <span class='ocrx_word' id='word_1_97' title='bbox 1007 1365 1199 1419; x_wconf 84' lang='lat' dir='ltr'>vocat,</span> <span class='ocrx_word' id='word_1_98' title='bbox 1229 1353 1583 1427; x_wconf 82' lang='lat' dir='ltr'>remotisque</span> <span class='ocrx_word' id='word_1_99' title='bbox 1606 1349 1837 1409; x_wconf 86' lang='lat' dir='ltr'>arbitris</span> <span class='ocrx_word' id='word_1_100' title='bbox 1876 1353 1931 1408; x_wconf 88' lang='lat' dir='ltr'>ei</span> <span class='ocrx_word' id='word_1_101' title='bbox 1964 1354 2139 1410; x_wconf 89' lang='lat' dir='ltr'>dicit:</span> <span class='ocrx_word' id='word_1_102' title='bbox 2188 1353 2623 1428; x_wconf 83' lang='lat' dir='ltr'>“.Hystaspes</span> <span class='ocrx_word' id='word_1_103' title='bbox 2608 1354 2621 1390; x_wconf 77' lang='lat'><strong>¹</strong></span> <span class='ocrx_word' id='word_1_104' title='bbox 2670 1355 2744 1410; x_wconf 87' lang='lat' dir='ltr'>fi-</span> 
     </span>
     <span class='ocr_line' id='line_1_13' title="bbox 555 1431 2749 1508; baseline -0.001 -17.934"><span class='ocrx_word' id='word_1_105' title='bbox 555 1437 740 1492; x_wconf 85' lang='lat' dir='ltr'>“lius</span> <span class='ocrx_word' id='word_1_106' title='bbox 783 1444 918 1492; x_wconf 83' lang='lat' dir='ltr'>tuus</span> <span class='ocrx_word' id='word_1_107' title='bbox 959 1433 1352 1508; x_wconf 85' lang='lat' dir='ltr'>deprehensus</span> <span class='ocrx_word' id='word_1_108' title='bbox 1380 1440 1470 1488; x_wconf 87' lang='lat' dir='ltr'>est</span> <span class='ocrx_word' id='word_1_109' title='bbox 1508 1432 1656 1486; x_wconf 82' lang='lat' dir='ltr'>mihi</span> <span class='ocrx_word' id='word_1_110' title='bbox 1684 1439 1743 1486; x_wconf 90' lang='lat' dir='ltr'>et</span> <span class='ocrx_word' id='word_1_111' title='bbox 1783 1447 1917 1488; x_wconf 90' lang='lat' dir='ltr'>meo</span> <span class='ocrx_word' id='word_1_112' title='bbox 1957 1449 2159 1507; x_wconf 84' lang='lat' dir='ltr'>regno</span> <span class='ocrx_word' id='word_1_113' title='bbox 2182 1431 2478 1488; x_wconf 83' lang='lat' dir='ltr'>insidiari:</span> <span class='ocrx_word' id='word_1_114' title='bbox 2526 1433 2585 1488; x_wconf 92' lang='lat' dir='ltr'>id</span> <span class='ocrx_word' id='word_1_115' title='bbox 2624 1449 2749 1506; x_wconf 80' lang='lat' dir='ltr'>qua</span> 
     </span>
     <span class='ocr_line' id='line_1_14' title="bbox 577 1509 2745 1586; baseline -0.002 -15.9"><span class='ocrx_word' id='word_1_116' title='bbox 577 1515 850 1570; x_wconf 89' lang='lat' dir='ltr'>‘ratione</span> <span class='ocrx_word' id='word_1_117' title='bbox 889 1523 1050 1570; x_wconf 90' lang='lat' dir='ltr'>certo</span> <span class='ocrx_word' id='word_1_118' title='bbox 1089 1509 1487 1586; x_wconf 85' lang='lat' dir='ltr'>cognoverim,</span> <span class='ocrx_word' id='word_1_119' title='bbox 1530 1509 1637 1565; x_wconf 86' lang='lat' dir='ltr'>tibi</span> <span class='ocrx_word' id='word_1_120' title='bbox 1684 1510 1893 1566; x_wconf 87' lang='lat' dir='ltr'>dicam.</span> <span class='ocrx_word' id='word_1_121' title='bbox 1970 1509 2095 1566; x_wconf 90' lang='lat' dir='ltr'>Mei</span> <span class='ocrx_word' id='word_1_122' title='bbox 2134 1527 2331 1566; x_wconf 84' lang='lat' dir='ltr'>curam</span> <span class='ocrx_word' id='word_1_123' title='bbox 2374 1518 2595 1586; x_wconf 83' lang='lat' dir='ltr'>gerunt</span> <span class='ocrx_word' id='word_1_124' title='bbox 2632 1512 2745 1576; x_wconf 87' lang='lat' dir='ltr'>dii,</span> 
     </span>
     <span class='ocr_line' id='line_1_15' title="bbox 555 1587 2749 1666; baseline -0.001 -16.932"><span class='ocrx_word' id='word_1_125' title='bbox 555 1593 890 1666; x_wconf 84' lang='lat' dir='ltr'>“mihique</span> <span class='ocrx_word' id='word_1_126' title='bbox 941 1599 1075 1648; x_wconf 84' lang='lat' dir='ltr'>ante</span> <span class='ocrx_word' id='word_1_127' title='bbox 1118 1587 1452 1663; x_wconf 81' lang='lat' dir='ltr'>significant</span> <span class='ocrx_word' id='word_1_128' title='bbox 1502 1588 1703 1648; x_wconf 81' lang='lat' dir='ltr'>omnia</span> <span class='ocrx_word' id='word_1_129' title='bbox 1740 1607 1873 1662; x_wconf 81' lang='lat' dir='ltr'>quae</span> <span class='ocrx_word' id='word_1_130' title='bbox 1914 1589 2242 1646; x_wconf 89' lang='lat' dir='ltr'>imminent.</span> <span class='ocrx_word' id='word_1_131' title='bbox 2336 1589 2513 1646; x_wconf 83' lang='lat' dir='ltr'>Nunc</span> <span class='ocrx_word' id='word_1_132' title='bbox 2554 1590 2749 1664; x_wconf 86' lang='lat' dir='ltr'>igitur</span> 
     </span>
     <span class='ocr_line' id='line_1_16' title="bbox 553 1667 2745 1744; baseline -0.001 -18"><span class='ocrx_word' id='word_1_133' title='bbox 553 1678 596 1704; x_wconf 88' lang='lat'><strong>“</strong></span> <span class='ocrx_word' id='word_1_134' title='bbox 623 1672 889 1744; x_wconf 82' lang='lat' dir='ltr'>proxima</span> <span class='ocrx_word' id='word_1_135' title='bbox 915 1678 1088 1726; x_wconf 88' lang='lat' dir='ltr'>nocte</span> <span class='ocrx_word' id='word_1_136' title='bbox 1115 1686 1223 1742; x_wconf 69' lang='lat' dir='ltr'>pen</span> <span class='ocrx_word' id='word_1_137' title='bbox 1241 1668 1499 1740; x_wconf 81' lang='lat' dir='ltr'>quietem</span> <span class='ocrx_word' id='word_1_138' title='bbox 1530 1667 1651 1722; x_wconf 74' lang='lat' dir='ltr'>vidi</span> <span class='ocrx_word' id='word_1_139' title='bbox 1678 1667 1935 1724; x_wconf 82' lang='lat' dir='ltr'>filiorum</span> <span class='ocrx_word' id='word_1_140' title='bbox 1974 1675 2209 1723; x_wconf 89' lang='lat' dir='ltr'>tuorum</span> <span class='ocrx_word' id='word_1_141' title='bbox 2236 1675 2378 1725; x_wconf 86' lang='lat' dir='ltr'>natu</span> <span class='ocrx_word' id='word_1_142' title='bbox 2406 1669 2745 1724; x_wconf 79' lang='lat' dir='ltr'>maximum</span> 
     </span>
     <span class='ocr_line' id='line_1_17' title="bbox 553 1746 2742 1820; baseline 0 -16"><span class='ocrx_word' id='word_1_143' title='bbox 553 1757 595 1782; x_wconf 87' lang='lat'><strong>“</strong></span> <span class='ocrx_word' id='word_1_144' title='bbox 622 1751 741 1804; x_wconf 77' lang='lat' dir='ltr'>alas</span> <span class='ocrx_word' id='word_1_145' title='bbox 771 1751 833 1805; x_wconf 90' lang='lat' dir='ltr'>in</span> <span class='ocrx_word' id='word_1_146' title='bbox 857 1748 1110 1804; x_wconf 84' lang='lat' dir='ltr'>humeris</span> <span class='ocrx_word' id='word_1_147' title='bbox 1140 1747 1474 1811; x_wconf 82' lang='lat' dir='ltr'>habentem,</span> <span class='ocrx_word' id='word_1_148' title='bbox 1492 1763 1805 1820; x_wconf 84' lang='lat' dir='ltr'>earumque</span> <span class='ocrx_word' id='word_1_149' title='bbox 1830 1747 2011 1802; x_wconf 86' lang='lat' dir='ltr'>altera</span> <span class='ocrx_word' id='word_1_150' title='bbox 2036 1746 2233 1802; x_wconf 83' lang='lat' dir='ltr'>Asiam</span> <span class='ocrx_word' id='word_1_151' title='bbox 2258 1747 2742 1812; x_wconf 84' lang='lat' dir='ltr'>obumbrantem,</span> 
     </span>
     <span class='ocr_line' id='line_1_18' title="bbox 555 1821 2741 1900; baseline -0 -18"><span class='ocrx_word' id='word_1_152' title='bbox 555 1836 599 1860; x_wconf 71' lang='lat'>‘¹</span> <span class='ocrx_word' id='word_1_153' title='bbox 632 1829 814 1884; x_wconf 57' lang='lat' dir='ltr'>attera</span> <span class='ocrx_word' id='word_1_154' title='bbox 864 1827 1179 1900; x_wconf 77' lang='lat' dir='ltr'>Europam.</span> <span class='ocrx_word' id='word_1_155' title='bbox 1275 1825 1448 1886; x_wconf 83' lang='lat' dir='ltr'>Quod</span> <span class='ocrx_word' id='word_1_156' title='bbox 1492 1842 1673 1898; x_wconf 90' lang='lat' dir='ltr'>quum</span> <span class='ocrx_word' id='word_1_157' title='bbox 1716 1821 1865 1880; x_wconf 84' lang='lat' dir='ltr'>mihi</span> <span class='ocrx_word' id='word_1_158' title='bbox 1916 1824 2182 1880; x_wconf 80' lang='lat' dir='ltr'>oblatum</span> <span class='ocrx_word' id='word_1_159' title='bbox 2230 1825 2305 1880; x_wconf 89' lang='lat' dir='ltr'>sit</span> <span class='ocrx_word' id='word_1_160' title='bbox 2344 1823 2561 1890; x_wconf 86' lang='lat' dir='ltr'>visum,</span> <span class='ocrx_word' id='word_1_161' title='bbox 2610 1826 2741 1882; x_wconf 85' lang='lat' dir='ltr'>fieri</span> 
     </span>
     <span class='ocr_line' id='line_1_19' title="bbox 554 1901 2741 1978; baseline 0 -18"><span class='ocrx_word' id='word_1_162' title='bbox 554 1913 595 1949; x_wconf 90' lang='lat'>‘-‘</span> <span class='ocrx_word' id='word_1_163' title='bbox 624 1923 856 1978; x_wconf 87' lang='lat' dir='ltr'>prorsus</span> <span class='ocrx_word' id='word_1_164' title='bbox 887 1905 1052 1961; x_wconf 71' lang='lat' dir='ltr'>nuilo</span> <span class='ocrx_word' id='word_1_165' title='bbox 1091 1901 1268 1958; x_wconf 89' lang='lat' dir='ltr'>modo</span> <span class='ocrx_word' id='word_1_166' title='bbox 1309 1910 1504 1975; x_wconf 86' lang='lat' dir='ltr'>potest</span> <span class='ocrx_word' id='word_1_167' title='bbox 1542 1903 1683 1976; x_wconf 87' lang='lat' dir='ltr'>quin</span> <span class='ocrx_word' id='word_1_168' title='bbox 1717 1903 1863 1958; x_wconf 87' lang='lat' dir='ltr'>mibi</span> <span class='ocrx_word' id='word_1_169' title='bbox 1905 1902 2069 1958; x_wconf 89' lang='lat' dir='ltr'>illum</span> <span class='ocrx_word' id='word_1_170' title='bbox 2101 1901 2356 1965; x_wconf 77' lang='lat' dir='ltr'>insidiari</span> <span class='ocrx_word' id='word_1_171' title='bbox 2384 1901 2741 1978; x_wconf 80' lang='lat' dir='ltr'>intelligam.</span> 
     </span>
     <span class='ocr_line' id='line_1_20' title="bbox 555 1978 2746 2057; baseline 0 -18"><span class='ocrx_word' id='word_1_172' title='bbox 555 1991 599 2030; x_wconf 79' lang='lat'>‘·‘</span> <span class='ocrx_word' id='word_1_173' title='bbox 627 1986 823 2046; x_wconf 82' lang='lat' dir='ltr'>Quare</span> <span class='ocrx_word' id='word_1_174' title='bbox 851 1990 915 2039; x_wconf 90' lang='lat' dir='ltr'>tu</span> <span class='ocrx_word' id='word_1_175' title='bbox 957 1999 1141 2057; x_wconf 83' lang='lat' dir='ltr'>ocyus</span> <span class='ocrx_word' id='word_1_176' title='bbox 1178 1989 1331 2042; x_wconf 87' lang='lat' dir='ltr'>retro</span> <span class='ocrx_word' id='word_1_177' title='bbox 1369 1980 1732 2052; x_wconf 85' lang='lat' dir='ltr'>proficiscere</span> <span class='ocrx_word' id='word_1_178' title='bbox 1758 1981 1820 2036; x_wconf 91' lang='lat' dir='ltr'>in</span> <span class='ocrx_word' id='word_1_179' title='bbox 1866 1978 2173 2046; x_wconf 82' lang='lat' dir='ltr'>Persidem,</span> <span class='ocrx_word' id='word_1_180' title='bbox 2200 1988 2259 2038; x_wconf 85' lang='lat' dir='ltr'>et</span> <span class='ocrx_word' id='word_1_181' title='bbox 2286 1981 2399 2047; x_wconf 76' lang='lat' dir='ltr'>fac,</span> <span class='ocrx_word' id='word_1_182' title='bbox 2424 1991 2746 2056; x_wconf 81' lang='lat' dir='ltr'>postquam</span> 
     </span>
     <span class='ocr_line' id='line_1_21' title="bbox 555 2058 2745 2134; baseline 0.001 -18"><span class='ocrx_word' id='word_1_183' title='bbox 555 2064 798 2119; x_wconf 49' lang='lat' dir='ltr'>‘trebus</span> <span class='ocrx_word' id='word_1_184' title='bbox 827 2063 918 2118; x_wconf 90' lang='lat' dir='ltr'>hic</span> <span class='ocrx_word' id='word_1_185' title='bbox 947 2061 1095 2117; x_wconf 89' lang='lat' dir='ltr'>bene</span> <span class='ocrx_word' id='word_1_186' title='bbox 1135 2060 1314 2134; x_wconf 80' lang='lat' dir='ltr'>gestis</span> <span class='ocrx_word' id='word_1_187' title='bbox 1357 2060 1506 2114; x_wconf 85' lang='lat' dir='ltr'>illuc.</span> <span class='ocrx_word' id='word_1_188' title='bbox 1536 2058 1779 2126; x_wconf 87' lang='lat' dir='ltr'>redier0,</span> <span class='ocrx_word' id='word_1_189' title='bbox 1810 2059 1999 2116; x_wconf 84' lang='lat' dir='ltr'>filium</span> <span class='ocrx_word' id='word_1_190' title='bbox 2040 2066 2211 2116; x_wconf 89' lang='lat' dir='ltr'>tuum</span> <span class='ocrx_word' id='word_1_191' title='bbox 2251 2060 2407 2120; x_wconf 83' lang='lat' dir='ltr'>mibi</span> <span class='ocrx_word' id='word_1_192' title='bbox 2438 2062 2635 2129; x_wconf 82' lang='lat' dir='ltr'>sistas,</span> <span class='ocrx_word' id='word_1_193' title='bbox 2670 2071 2745 2118; x_wconf 90' lang='lat' dir='ltr'>ut</span> 
     </span>
     <span class='ocr_line' id='line_1_22' title="bbox 555 2137 2765 2214; baseline -0.005 -19"><span class='ocrx_word' id='word_1_194' title='bbox 555 2148 598 2184; x_wconf 56' lang='grc' dir='ltr'>ἑ(</span> <span class='ocrx_word' id='word_1_195' title='bbox 627 2137 754 2210; x_wconf 78' lang='lat' dir='ltr'>ejus</span> <span class='ocrx_word' id='word_1_196' title='bbox 781 2157 1044 2196; x_wconf 83' lang='lat' dir='ltr'>caussam</span> <span class='ocrx_word' id='word_1_197' title='bbox 1071 2142 1479 2214; x_wconf 82' lang='lat' dir='ltr'>cognoscmn.”</span> <span class='ocrx_word' id='word_1_198' title='bbox 2758 2158 2765 2168; x_wconf 90' lang='lat'><strong>·</strong></span> 
     </span>
     <span class='ocr_line' id='line_1_23' title="bbox 549 2295 2765 2372; baseline 0 -18"><span class='ocrx_word' id='word_1_199' title='bbox 549 2299 727 2354; x_wconf 81' lang='lat' dir='ltr'>dixit:</span> <span class='ocrx_word' id='word_1_200' title='bbox 773 2307 834 2353; x_wconf 87' lang='lat' dir='ltr'>at</span> <span class='ocrx_word' id='word_1_201' title='bbox 861 2297 1112 2352; x_wconf 72' lang='lat' dir='ltr'>illidens</span> <span class='ocrx_word' id='word_1_202' title='bbox 1141 2295 1591 2370; x_wconf 76' lang='lat' dir='ltr'>significaverat,</span> <span class='ocrx_word' id='word_1_203' title='bbox 1622 2296 1813 2368; x_wconf 83' lang='lat' dir='ltr'>ipsum</span> <span class='ocrx_word' id='word_1_204' title='bbox 1854 2296 2059 2352; x_wconf 88' lang='lat' dir='ltr'>eodem</span> <span class='ocrx_word' id='word_1_205' title='bbox 2098 2296 2251 2367; x_wconf 83' lang='lat' dir='ltr'>loce,</span> <span class='ocrx_word' id='word_1_206' title='bbox 2281 2298 2384 2354; x_wconf 88' lang='lat' dir='ltr'>ubi</span> <span class='ocrx_word' id='word_1_207' title='bbox 2409 2305 2555 2364; x_wconf 89' lang='lat' dir='ltr'>erat,</span> <span class='ocrx_word' id='word_1_208' title='bbox 2584 2300 2765 2372; x_wconf 83' lang='lat' dir='ltr'>peri-·</span> 
     </span>
     <span class='ocr_line' id='line_1_24' title="bbox 551 2374 2748 2450; baseline 0.001 -18"><span class='ocrx_word' id='word_1_209' title='bbox 551 2387 772 2442; x_wconf 87' lang='lat' dir='ltr'>turum,</span> <span class='ocrx_word' id='word_1_210' title='bbox 804 2391 1164 2450; x_wconf 84' lang='lat' dir='ltr'>regnumque</span> <span class='ocrx_word' id='word_1_211' title='bbox 1204 2375 1383 2448; x_wconf 89' lang='lat' dir='ltr'>ipsius</span> <span class='ocrx_word' id='word_1_212' title='bbox 1424 2374 1497 2428; x_wconf 81' lang='lat' dir='ltr'>ad</span> <span class='ocrx_word' id='word_1_213' title='bbox 1537 2374 1783 2432; x_wconf 84' lang='lat' dir='ltr'>Darium</span> <span class='ocrx_word' id='word_1_214' title='bbox 1808 2375 2209 2430; x_wconf 86' lang='lat' dir='ltr'>transiturum.</span> <span class='ocrx_word' id='word_1_215' title='bbox 2290 2377 2609 2450; x_wconf 79' lang='lat' dir='ltr'>Hystaspes</span> <span class='ocrx_word' id='word_1_216' title='bbox 2652 2379 2748 2434; x_wconf 88' lang='lat' dir='ltr'>illi</span> 
     </span>
     <span class='ocr_line' id='line_1_25' title="bbox 551 2451 2748 2528; baseline 0.001 -18"><span class='ocrx_word' id='word_1_217' title='bbox 551 2456 641 2511; x_wconf 84' lang='lat' dir='ltr'>his</span> <span class='ocrx_word' id='word_1_218' title='bbox 671 2455 859 2510; x_wconf 87' lang='lat' dir='ltr'>verbis</span> <span class='ocrx_word' id='word_1_219' title='bbox 901 2453 1235 2527; x_wconf 70' lang='lat' dir='ltr'>responditt</span> <span class='ocrx_word' id='word_1_220' title='bbox 1282 2451 1408 2508; x_wconf 85' lang='lat' dir='ltr'>“O</span> <span class='ocrx_word' id='word_1_221' title='bbox 1435 2452 1587 2519; x_wconf 63' lang='lat' dir='ltr'>Rern,</span> <span class='ocrx_word' id='word_1_222' title='bbox 1626 2470 1703 2508; x_wconf 86' lang='lat' dir='ltr'>ne</span> <span class='ocrx_word' id='word_1_223' title='bbox 1738 2453 1816 2508; x_wconf 87' lang='lat' dir='ltr'>sit</span> <span class='ocrx_word' id='word_1_224' title='bbox 1857 2455 1903 2508; x_wconf 89' lang='lat' dir='ltr'>is</span> <span class='ocrx_word' id='word_1_225' title='bbox 1944 2453 2123 2509; x_wconf 86' lang='lat' dir='ltr'>homo</span> <span class='ocrx_word' id='word_1_226' title='bbox 2153 2453 2345 2520; x_wconf 81' lang='lat' dir='ltr'>Persa,</span> <span class='ocrx_word' id='word_1_227' title='bbox 2381 2455 2430 2510; x_wconf 88' lang='lat' dir='ltr'>si</span> <span class='ocrx_word' id='word_1_228' title='bbox 2460 2452 2587 2528; x_wconf 88' lang='lat' dir='ltr'>quis</span> <span class='ocrx_word' id='word_1_229' title='bbox 2631 2457 2748 2513; x_wconf 89' lang='lat' dir='ltr'>tibi</span> 
     </span>
     <span class='ocr_line' id='line_1_26' title="bbox 553 2527 2747 2646; baseline 0.001 -58.033"><span class='ocrx_word' id='word_1_230' title='bbox 553 2541 596 2646; x_wconf 63' lang='lat'>:5</span> <span class='ocrx_word' id='word_1_231' title='bbox 625 2527 862 2590; x_wconf 81' lang='lat' dir='ltr'>insidias</span> <span class='ocrx_word' id='word_1_232' title='bbox 887 2540 976 2592; x_wconf 85' lang='lat' dir='ltr'>est</span> <span class='ocrx_word' id='word_1_233' title='bbox 995 2531 1361 2590; x_wconf 86' lang='lat' dir='ltr'>structurus!</span> <span class='ocrx_word' id='word_1_234' title='bbox 1412 2530 1516 2585; x_wconf 83' lang='lat' dir='ltr'>Sin</span> <span class='ocrx_word' id='word_1_235' title='bbox 1544 2531 1737 2597; x_wconf 84' lang='lat' dir='ltr'>fuerit,</span> <span class='ocrx_word' id='word_1_236' title='bbox 1756 2541 1953 2619; x_wconf 85' lang='lat' dir='ltr'>pereat</span> <span class='ocrx_word' id='word_1_237' title='bbox 1974 2549 2146 2605; x_wconf 90' lang='lat' dir='ltr'>quam</span> <span class='ocrx_word' id='word_1_238' title='bbox 2164 2532 2455 2606; x_wconf 82' lang='lat' dir='ltr'>primum!</span> <span class='ocrx_word' id='word_1_239' title='bbox 2501 2533 2664 2590; x_wconf 86' lang='lat' dir='ltr'>Tibi-</span> <span class='ocrx_word' id='word_1_240' title='bbox 2638 2553 2747 2592; x_wconf 87' lang='lat' dir='ltr'>-ne</span> 
     </span>
     <span class='ocr_line' id='line_1_27' title="bbox 554 2607 2742 2684; baseline 0.001 -18.07"><span class='ocrx_word' id='word_1_241' title='bbox 554 2611 906 2675; x_wconf 76' lang='lat' dir='ltr'>“insidiari,</span> <span class='ocrx_word' id='word_1_242' title='bbox 949 2613 1048 2684; x_wconf 91' lang='lat' dir='ltr'>qui</span> <span class='ocrx_word' id='word_1_243' title='bbox 1093 2607 1295 2664; x_wconf 85' lang='lat' dir='ltr'>Persas</span> <span class='ocrx_word' id='word_1_244' title='bbox 1335 2627 1407 2664; x_wconf 82' lang='lat' dir='ltr'>ex</span> <span class='ocrx_word' id='word_1_245' title='bbox 1446 2610 1725 2665; x_wconf 88' lang='lat' dir='ltr'>servitute</span> <span class='ocrx_word' id='word_1_246' title='bbox 1763 2607 1823 2664; x_wconf 82' lang='lat' dir='ltr'>in</span> <span class='ocrx_word' id='word_1_247' title='bbox 1866 2610 2195 2666; x_wconf 84' lang='lat' dir='ltr'>libertatem</span> <span class='ocrx_word' id='word_1_248' title='bbox 2243 2612 2588 2683; x_wconf 85' lang='lat' dir='ltr'>vindicasti3</span> <span class='ocrx_word' id='word_1_249' title='bbox 2654 2624 2742 2677; x_wconf 86' lang='lat' dir='ltr'>et,</span> 
     </span>
     <span class='ocr_line' id='line_1_28' title="bbox 553 2683 2747 2763; baseline 0.001 -18.067"><span class='ocrx_word' id='word_1_250' title='bbox 553 2697 807 2763; x_wconf 82' lang='lat' dir='ltr'>“quum</span> <span class='ocrx_word' id='word_1_251' title='bbox 837 2689 966 2745; x_wconf 67' lang='lat' dir='ltr'>aliis</span> <span class='ocrx_word' id='word_1_252' title='bbox 989 2683 1238 2744; x_wconf 82' lang='lat' dir='ltr'>fuissent</span> <span class='ocrx_word' id='word_1_253' title='bbox 1263 2683 1533 2756; x_wconf 80' lang='lat' dir='ltr'>subjecti,</span> <span class='ocrx_word' id='word_1_254' title='bbox 1560 2687 1753 2742; x_wconf 85' lang='lat' dir='ltr'>fecisti</span> <span class='ocrx_word' id='word_1_255' title='bbox 1793 2696 1858 2743; x_wconf 94' lang='lat' dir='ltr'>ut</span> <span class='ocrx_word' id='word_1_256' title='bbox 1899 2689 2183 2762; x_wconf 84' lang='lat' dir='ltr'>imperent</span> <span class='ocrx_word' id='word_1_257' title='bbox 2204 2689 2513 2748; x_wconf 80' lang='lat' dir='ltr'>omnihus!</span> <span class='ocrx_word' id='word_1_258' title='bbox 2560 2692 2747 2760; x_wconf 81' lang='lat' dir='ltr'>Quod</span> 
     </span>
     <span class='ocr_line' id='line_1_29' title="bbox 512 2763 2743 2838; baseline 0.002 -15"><span class='ocrx_word' id='word_1_259' title='bbox 512 2806 520 2814; x_wconf 89' lang='lat'>-</span> <span class='ocrx_word' id='word_1_260' title='bbox 553 2776 598 2809; x_wconf 65' lang='lat'>5‘</span> <span class='ocrx_word' id='word_1_261' title='bbox 627 2771 674 2823; x_wconf 87' lang='lat' dir='ltr'>si</span> <span class='ocrx_word' id='word_1_262' title='bbox 704 2787 842 2824; x_wconf 86' lang='lat' dir='ltr'>vero</span> <span class='ocrx_word' id='word_1_263' title='bbox 871 2769 1064 2822; x_wconf 84' lang='lat' dir='ltr'>visum</span> <span class='ocrx_word' id='word_1_264' title='bbox 1089 2763 1324 2838; x_wconf 82' lang='lat' dir='ltr'>aliquod</span> <span class='ocrx_word' id='word_1_265' title='bbox 1351 2767 1456 2821; x_wconf 89' lang='lat' dir='ltr'>tibi</span> <span class='ocrx_word' id='word_1_266' title='bbox 1482 2766 1799 2838; x_wconf 77' lang='lat' dir='ltr'>signifieat,</span> <span class='ocrx_word' id='word_1_267' title='bbox 1831 2767 2015 2832; x_wconf 77' lang='lat' dir='ltr'>filium</span> <span class='ocrx_word' id='word_1_268' title='bbox 2044 2785 2243 2824; x_wconf 87' lang='lat' dir='ltr'>meum</span> <span class='ocrx_word' id='word_1_269' title='bbox 2274 2785 2365 2824; x_wconf 88' lang='lat' dir='ltr'>res</span> <span class='ocrx_word' id='word_1_270' title='bbox 2406 2785 2590 2824; x_wconf 85' lang='lat' dir='ltr'>novas</span> <span class='ocrx_word' id='word_1_271' title='bbox 2632 2771 2743 2827; x_wconf 86' lang='lat' dir='ltr'>ad-</span> 
     </span>
     <span class='ocr_line' id='line_1_30' title="bbox 553 2845 2744 2920; baseline 0.003 -20"><span class='ocrx_word' id='word_1_272' title='bbox 553 2855 596 2887; x_wconf 72' lang='lat'>⁶‘</span> <span class='ocrx_word' id='word_1_273' title='bbox 627 2864 822 2902; x_wconf 85' lang='lat' dir='ltr'>versus</span> <span class='ocrx_word' id='word_1_274' title='bbox 849 2855 908 2902; x_wconf 90' lang='lat' dir='ltr'>te</span> <span class='ocrx_word' id='word_1_275' title='bbox 938 2845 1149 2909; x_wconf 80' lang='lat' dir='ltr'>moliri,</span> <span class='ocrx_word' id='word_1_276' title='bbox 1176 2863 1288 2918; x_wconf 83' lang='lat' dir='ltr'>ego</span> <span class='ocrx_word' id='word_1_277' title='bbox 1309 2845 1479 2900; x_wconf 87' lang='lat' dir='ltr'>illum</span> <span class='ocrx_word' id='word_1_278' title='bbox 1506 2845 1613 2900; x_wconf 90' lang='lat' dir='ltr'>tibi</span> <span class='ocrx_word' id='word_1_279' title='bbox 1640 2845 1892 2910; x_wconf 86' lang='lat' dir='ltr'>tradam,</span> <span class='ocrx_word' id='word_1_280' title='bbox 1922 2858 1988 2901; x_wconf 86' lang='lat' dir='ltr'>ut</span> <span class='ocrx_word' id='word_1_281' title='bbox 2014 2847 2088 2902; x_wconf 91' lang='lat' dir='ltr'>de</span> <span class='ocrx_word' id='word_1_282' title='bbox 2113 2865 2181 2901; x_wconf 87' lang='lat' dir='ltr'>eo</span> <span class='ocrx_word' id='word_1_283' title='bbox 2210 2846 2386 2902; x_wconf 83' lang='lat' dir='ltr'>facias</span> <span class='ocrx_word' id='word_1_284' title='bbox 2412 2847 2744 2920; x_wconf 85' lang='lat' dir='ltr'>quodcum-</span> 
     </span>
     <span class='ocr_line' id='line_1_31' title="bbox 479 2922 2744 2999; baseline 0.002 -20"><span class='ocrx_word' id='word_1_285' title='bbox 479 2992 486 2998; x_wconf 36' lang='lat'><strong>·</strong></span> <span class='ocrx_word' id='word_1_286' title='bbox 555 2932 599 2959; x_wconf 78' lang='lat'>‘⁴&#39;</span> <span class='ocrx_word' id='word_1_287' title='bbox 628 2943 743 2999; x_wconf 90' lang='lat' dir='ltr'>que</span> <span class='ocrx_word' id='word_1_288' title='bbox 789 2925 1126 2998; x_wconf 53' lang='lat' dir='ltr'>placuerit?</span> <span class='ocrx_word' id='word_1_289' title='bbox 1235 2922 1382 2981; x_wconf 81' lang='lat' dir='ltr'>Haec</span> <span class='ocrx_word' id='word_1_290' title='bbox 1415 2932 1724 2996; x_wconf 82' lang='lat' dir='ltr'>postquam</span> <span class='ocrx_word' id='word_1_291' title='bbox 1768 2924 2068 2997; x_wconf 80' lang='lat' dir='ltr'>respondit</span> <span class='ocrx_word' id='word_1_292' title='bbox 2098 2923 2441 2998; x_wconf 82' lang='lat' dir='ltr'>HystaspeS,</span> <span class='ocrx_word' id='word_1_293' title='bbox 2493 2922 2744 2995; x_wconf 86' lang='lat' dir='ltr'>trajecto</span> 
     </span>
     <span class='ocr_line' id='line_1_32' title="bbox 552 3000 2742 3077; baseline 0.002 -18"><span class='ocrx_word' id='word_1_294' title='bbox 552 3004 747 3060; x_wconf 81' lang='lat' dir='ltr'>Araxe</span> <span class='ocrx_word' id='word_1_295' title='bbox 775 3005 832 3062; x_wconf 85' lang='lat' dir='ltr'>in</span> <span class='ocrx_word' id='word_1_296' title='bbox 861 3004 1064 3060; x_wconf 85' lang='lat' dir='ltr'>Persas</span> <span class='ocrx_word' id='word_1_297' title='bbox 1099 3000 1393 3076; x_wconf 77' lang='lat' dir='ltr'>profectus</span> <span class='ocrx_word' id='word_1_298' title='bbox 1431 3009 1539 3070; x_wconf 89' lang='lat' dir='ltr'>est,</span> <span class='ocrx_word' id='word_1_299' title='bbox 1566 3004 1719 3077; x_wconf 82' lang='lat' dir='ltr'>Cyro</span> <span class='ocrx_word' id='word_1_300' title='bbox 1756 3003 1945 3060; x_wconf 82' lang='lat' dir='ltr'>filium</span> <span class='ocrx_word' id='word_1_301' title='bbox 1970 3019 2147 3060; x_wconf 86' lang='lat' dir='ltr'>suum</span> <span class='ocrx_word' id='word_1_302' title='bbox 2187 3003 2437 3062; x_wconf 85' lang='lat' dir='ltr'>Darium</span> <span class='ocrx_word' id='word_1_303' title='bbox 2475 3005 2742 3064; x_wconf 86' lang='lat' dir='ltr'>custodi-</span> 
     </span>
     <span class='ocr_line' id='line_1_33' title="bbox 551 3092 740 3140; baseline -0.016 0"><span class='ocrx_word' id='word_1_304' title='bbox 551 3092 740 3140; x_wconf 76' lang='lat' dir='ltr'>turus.</span> 
     </span>
     <span class='ocr_line' id='line_1_34' title="bbox 574 3157 2744 3235; baseline 0 -17"><span class='ocrx_word' id='word_1_305' title='bbox 574 3186 581 3195; x_wconf 88' lang='lat'><strong>·</strong></span> <span class='ocrx_word' id='word_1_306' title='bbox 627 3167 760 3218; x_wconf 87' lang='grc'>211.</span> <span class='ocrx_word' id='word_1_307' title='bbox 806 3161 994 3233; x_wconf 86' lang='lat' dir='ltr'>Cyrus</span> <span class='ocrx_word' id='word_1_308' title='bbox 1035 3158 1109 3215; x_wconf 89' lang='lat' dir='ltr'>ab</span> <span class='ocrx_word' id='word_1_309' title='bbox 1149 3160 1334 3214; x_wconf 72' lang='lat' dir='ltr'>Araxe</span> <span class='ocrx_word' id='word_1_310' title='bbox 1373 3159 1553 3214; x_wconf 85' lang='lat' dir='ltr'>unius</span> <span class='ocrx_word' id='word_1_311' title='bbox 1592 3157 1705 3214; x_wconf 83' lang='lat' dir='ltr'>diei</span> <span class='ocrx_word' id='word_1_312' title='bbox 1749 3159 1957 3219; x_wconf 80' lang='lat' dir='ltr'>itinere</span> <span class='ocrx_word' id='word_1_313' title='bbox 1995 3177 2353 3235; x_wconf 76' lang='lat' dir='ltr'>progressuS,</span> <span class='ocrx_word' id='word_1_314' title='bbox 2384 3161 2535 3224; x_wconf 77' lang='lat' dir='ltr'>,fec-it</span> <span class='ocrx_word' id='word_1_315' title='bbox 2581 3163 2744 3234; x_wconf 87' lang='lat' dir='ltr'>quod</span> 
     </span>
     <span class='ocr_line' id='line_1_35' title="bbox 552 3235 2741 3314; baseline 0 -17"><span class='ocrx_word' id='word_1_316' title='bbox 552 3241 788 3300; x_wconf 76' lang='lat' dir='ltr'>Groesus</span> <span class='ocrx_word' id='word_1_317' title='bbox 815 3239 982 3293; x_wconf 80' lang='lat' dir='ltr'>ilium</span> <span class='ocrx_word' id='word_1_318' title='bbox 1015 3246 1333 3293; x_wconf 85' lang='lat' dir='ltr'>monuerat.</span> <span class='ocrx_word' id='word_1_319' title='bbox 1416 3235 1644 3292; x_wconf 83' lang='lat' dir='ltr'>Deinde</span> <span class='ocrx_word' id='word_1_320' title='bbox 1674 3245 1981 3312; x_wconf 83' lang='lat' dir='ltr'>postquam</span> <span class='ocrx_word' id='word_1_321' title='bbox 2020 3239 2165 3312; x_wconf 86' lang='lat' dir='ltr'>ipse,</span> <span class='ocrx_word' id='word_1_322' title='bbox 2196 3240 2389 3295; x_wconf 85' lang='lat' dir='ltr'>inutili</span> <span class='ocrx_word' id='word_1_323' title='bbox 2430 3237 2741 3314; x_wconf 81' lang='lat' dir='ltr'>copiarum</span> 
     </span>
     <span class='ocr_line' id='line_1_36' title="bbox 551 3315 2744 3392; baseline -0.001 -18"><span class='ocrx_word' id='word_1_324' title='bbox 551 3328 717 3392; x_wconf 81' lang='lat' dir='ltr'>parte</span> <span class='ocrx_word' id='word_1_325' title='bbox 745 3317 1035 3374; x_wconf 77' lang='lat' dir='ltr'>incastris</span> <span class='ocrx_word' id='word_1_326' title='bbox 1064 3317 1282 3382; x_wconf 87' lang='lat' dir='ltr'>relicta,</span> <span class='ocrx_word' id='word_1_327' title='bbox 1307 3331 1442 3369; x_wconf 88' lang='lat' dir='ltr'>cum</span> <span class='ocrx_word' id='word_1_328' title='bbox 1474 3315 1695 3388; x_wconf 81' lang='lat' dir='ltr'>reliquo</span> <span class='ocrx_word' id='word_1_329' title='bbox 1722 3316 1999 3382; x_wconf 76' lang='lat' dir='ltr'>exercitu,</span> <span class='ocrx_word' id='word_1_330' title='bbox 2024 3327 2316 3392; x_wconf 83' lang='lat' dir='ltr'>quotquot</span> <span class='ocrx_word' id='word_1_331' title='bbox 2332 3315 2569 3384; x_wconf 69' lang='lat' dir='ltr'>natione</span> <span class='ocrx_word' id='word_1_332' title='bbox 2597 3319 2744 3376; x_wconf 85' lang='lat' dir='ltr'>Per-</span> 
     </span>
     <span class='ocr_line' id='line_1_37' title="bbox 551 3394 2749 3467; baseline 0.001 -15"><span class='ocrx_word' id='word_1_333' title='bbox 551 3415 630 3452; x_wconf 85' lang='lat' dir='ltr'>sae</span> <span class='ocrx_word' id='word_1_334' title='bbox 661 3405 844 3460; x_wconf 84' lang='lat' dir='ltr'>erant,</span> <span class='ocrx_word' id='word_1_335' title='bbox 873 3395 946 3450; x_wconf 87' lang='lat' dir='ltr'>ad</span> <span class='ocrx_word' id='word_1_336' title='bbox 974 3395 1222 3451; x_wconf 82' lang='lat' dir='ltr'>Araxem</span> <span class='ocrx_word' id='word_1_337' title='bbox 1265 3411 1563 3467; x_wconf 77' lang='lat' dir='ltr'>regressus</span> <span class='ocrx_word' id='word_1_338' title='bbox 1600 3395 1712 3460; x_wconf 86' lang='lat' dir='ltr'>est,</span> <span class='ocrx_word' id='word_1_339' title='bbox 1740 3394 1997 3451; x_wconf 87' lang='lat' dir='ltr'>adcurrit</span> <span class='ocrx_word' id='word_1_340' title='bbox 2022 3407 2211 3451; x_wconf 85' lang='lat' dir='ltr'>castra</span> <span class='ocrx_word' id='word_1_341' title='bbox 2250 3397 2527 3453; x_wconf 86' lang='lat' dir='ltr'>invadens</span> <span class='ocrx_word' id='word_1_342' title='bbox 2568 3399 2749 3455; x_wconf 79' lang='lat' dir='ltr'>tertia.</span> 
     </span>
     <span class='ocr_line' id='line_1_38' title="bbox 551 3471 2746 3550; baseline 0.001 -18"><span class='ocrx_word' id='word_1_343' title='bbox 551 3493 684 3550; x_wconf 83' lang='lat' dir='ltr'>pars</span> <span class='ocrx_word' id='word_1_344' title='bbox 713 3473 994 3530; x_wconf 83' lang='lat' dir='ltr'>exercitus</span> <span class='ocrx_word' id='word_1_345' title='bbox 1020 3474 1510 3546; x_wconf 83' lang='lat' dir='ltr'>Massagetarum.</span> <span class='ocrx_word' id='word_1_346' title='bbox 1590 3471 1675 3529; x_wconf 89' lang='lat' dir='ltr'>Hi</span> <span class='ocrx_word' id='word_1_347' title='bbox 1709 3490 1837 3539; x_wconf 88' lang='lat' dir='ltr'>eos,</span> <span class='ocrx_word' id='word_1_348' title='bbox 1862 3474 1963 3546; x_wconf 91' lang='lat' dir='ltr'>qui</span> <span class='ocrx_word' id='word_1_349' title='bbox 1994 3473 2068 3530; x_wconf 81' lang='lat' dir='ltr'>de</span> <span class='ocrx_word' id='word_1_350' title='bbox 2106 3473 2195 3548; x_wconf 60' lang='lat' dir='ltr'>C,</span> <span class='ocrx_word' id='word_1_351' title='bbox 2200 3473 2245 3529; x_wconf 87' lang='lat' dir='ltr'>ri</span> <span class='ocrx_word' id='word_1_352' title='bbox 2268 3491 2396 3532; x_wconf 82' lang='lat' dir='ltr'>exe·</span> <span class='ocrx_word' id='word_1_353' title='bbox 2394 3476 2527 3532; x_wconf 88' lang='lat' dir='ltr'>citu</span> <span class='ocrx_word' id='word_1_354' title='bbox 2551 3476 2746 3546; x_wconf 75' lang='lat' dir='ltr'>relicti</span> 
     </span>
     <span class='ocr_line' id='line_1_39' title="bbox 551 3549 2745 3634; baseline 0.001 -24"><span class='ocrx_word' id='word_1_355' title='bbox 551 3562 743 3618; x_wconf 84' lang='lat' dir='ltr'>erant,</span> <span class='ocrx_word' id='word_1_356' title='bbox 774 3559 1159 3634; x_wconf 83' lang='lat' dir='ltr'>repugnantes</span> <span class='ocrx_word' id='word_1_357' title='bbox 1185 3549 1493 3620; x_wconf 70' lang='lat' dir='ltr'>occidunt,</span> <span class='ocrx_word' id='word_1_358' title='bbox 1540 3560 1690 3616; x_wconf 89' lang='lat' dir='ltr'>tum,</span> <span class='ocrx_word' id='word_1_359' title='bbox 1714 3559 1982 3625; x_wconf 86' lang='lat' dir='ltr'>paratum</span> <span class='ocrx_word' id='word_1_360' title='bbox 2004 3551 2325 3626; x_wconf 79' lang='lat' dir='ltr'>conspicati</span> <span class='ocrx_word' id='word_1_361' title='bbox 2345 3554 2611 3626; x_wconf 81' lang='lat' dir='ltr'>epulum,</span> <span class='ocrx_word' id='word_1_362' title='bbox 2638 3573 2745 3614; x_wconf 81' lang='lat' dir='ltr'>su-</span> 
     </span>
     <span class='ocr_line' id='line_1_40' title="bbox 551 3625 2745 3706; baseline 0.003 -18"><span class='ocrx_word' id='word_1_363' title='bbox 551 3634 768 3706; x_wconf 87' lang='lat' dir='ltr'>peratis</span> <span class='ocrx_word' id='word_1_364' title='bbox 795 3625 1152 3696; x_wconf 75' lang='lat' dir='ltr'>adversariis,</span> <span class='ocrx_word' id='word_1_365' title='bbox 1179 3629 1250 3684; x_wconf 85' lang='lat' dir='ltr'>ad</span> <span class='ocrx_word' id='word_1_366' title='bbox 1275 3629 1635 3702; x_wconf 82' lang='lat' dir='ltr'>epulandum</span> <span class='ocrx_word' id='word_1_367' title='bbox 1664 3630 2081 3702; x_wconf 65' lang='lat' dir='ltr'>discumbunt,</span> <span class='ocrx_word' id='word_1_368' title='bbox 2080 3631 2379 3706; x_wconf 87' lang='lat' dir='ltr'>denique</span> <span class='ocrx_word' id='word_1_369' title='bbox 2402 3633 2537 3690; x_wconf 86' lang='lat' dir='ltr'>cibo</span> <span class='ocrx_word' id='word_1_370' title='bbox 2562 3641 2745 3706; x_wconf 76' lang='lat' dir='ltr'>potu-</span> 
     </span>
     <span class='ocr_line' id='line_1_41' title="bbox 551 3707 2745 3786; baseline 0 -18"><span class='ocrx_word' id='word_1_371' title='bbox 551 3729 666 3786; x_wconf 87' lang='lat' dir='ltr'>que</span> <span class='ocrx_word' id='word_1_372' title='bbox 693 3709 920 3783; x_wconf 87' lang='lat' dir='ltr'>repleti,</span> <span class='ocrx_word' id='word_1_373' title='bbox 945 3726 1152 3782; x_wconf 81' lang='lat' dir='ltr'>sopore</span> <span class='ocrx_word' id='word_1_374' title='bbox 1191 3709 1623 3780; x_wconf 85' lang='lat' dir='ltr'>opprimuntur.</span> <span class='ocrx_word' id='word_1_375' title='bbox 1701 3707 1864 3764; x_wconf 86' lang='lat' dir='ltr'>Inter</span> <span class='ocrx_word' id='word_1_376' title='bbox 1888 3707 2013 3764; x_wconf 83' lang='lat' dir='ltr'>haec</span> <span class='ocrx_word' id='word_1_377' title='bbox 2038 3711 2511 3782; x_wconf 82' lang='lat' dir='ltr'>supervenientes</span> <span class='ocrx_word' id='word_1_378' title='bbox 2544 3711 2745 3770; x_wconf 73' lang='lat' dir='ltr'>Persae</span> 
     </span>
     <span class='ocr_line' id='line_1_42' title="bbox 555 3785 2743 3881; baseline 0.001 -35"><span class='ocrx_word' id='word_1_379' title='bbox 555 3805 840 3881; x_wconf 72' lang='lat' dir='ltr'>magnum</span> <span class='ocrx_word' id='word_1_380' title='bbox 865 3805 1066 3845; x_wconf 83' lang='lat' dir='ltr'>eorum</span> <span class='ocrx_word' id='word_1_381' title='bbox 1096 3804 1405 3842; x_wconf 82' lang='lat' dir='ltr'>numerum</span> <span class='ocrx_word' id='word_1_382' title='bbox 1434 3785 1815 3853; x_wconf 81' lang='lat' dir='ltr'>interficiunt,</span> <span class='ocrx_word' id='word_1_383' title='bbox 1846 3788 2033 3842; x_wconf 88' lang='lat' dir='ltr'>multo</span> <span class='ocrx_word' id='word_1_384' title='bbox 2060 3805 2199 3842; x_wconf 84' lang='lat' dir='ltr'>vero</span> <span class='ocrx_word' id='word_1_385' title='bbox 2224 3789 2419 3860; x_wconf 85' lang='lat' dir='ltr'>plures</span> <span class='ocrx_word' id='word_1_386' title='bbox 2448 3789 2617 3846; x_wconf 80' lang='lat' dir='ltr'>vivos</span> <span class='ocrx_word' id='word_1_387' title='bbox 2640 3809 2743 3848; x_wconf 86' lang='lat' dir='ltr'>ca-</span> 
     </span>
     <span class='ocr_line' id='line_1_43' title="bbox 551 3865 2741 3946; baseline 0 -22"><span class='ocrx_word' id='word_1_388' title='bbox 551 3870 746 3942; x_wconf 78' lang='lat' dir='ltr'>piunt,</span> <span class='ocrx_word' id='word_1_389' title='bbox 775 3884 956 3940; x_wconf 89' lang='lat' dir='ltr'>quum</span> <span class='ocrx_word' id='word_1_390' title='bbox 983 3867 1151 3931; x_wconf 88' lang='lat' dir='ltr'>alios,</span> <span class='ocrx_word' id='word_1_391' title='bbox 1179 3875 1305 3920; x_wconf 85' lang='lat' dir='ltr'>tum</span> <span class='ocrx_word' id='word_1_392' title='bbox 1349 3866 1569 3938; x_wconf 85' lang='lat' dir='ltr'>regiuae</span> <span class='ocrx_word' id='word_1_393' title='bbox 1594 3865 1899 3940; x_wconf 82' lang='lat' dir='ltr'>&#39;&#39;lomyrios</span> <span class='ocrx_word' id='word_1_394' title='bbox 1941 3865 2151 3933; x_wconf 84' lang='lat' dir='ltr'>filium,</span> <span class='ocrx_word' id='word_1_395' title='bbox 2178 3866 2388 3928; x_wconf 86' lang='lat' dir='ltr'>ducem</span> <span class='ocrx_word' id='word_1_396' title='bbox 2424 3867 2741 3946; x_wconf 65' lang='lat' dir='ltr'>Massage-</span> 
     </span>
     <span class='ocr_line' id='line_1_44' title="bbox 551 3941 1693 4033; baseline -0.004 -31"><span class='ocrx_word' id='word_1_397' title='bbox 551 3957 764 4012; x_wconf 84' lang='lat' dir='ltr'>tarum,</span> <span class='ocrx_word' id='word_1_398' title='bbox 793 3946 889 4002; x_wconf 88' lang='lat' dir='ltr'>cui</span> <span class='ocrx_word' id='word_1_399' title='bbox 909 3961 1125 4000; x_wconf 85' lang='lat' dir='ltr'>nomen</span> <span class='ocrx_word' id='word_1_400' title='bbox 1153 3953 1278 3998; x_wconf 87' lang='lat' dir='ltr'>erat</span> <span class='ocrx_word' id='word_1_401' title='bbox 1301 3941 1693 4033; x_wconf 76' lang='lat' dir='ltr'>Spargapises.</span> 
     </span>
     <span class='ocr_line' id='line_1_45' title="bbox 573 4021 2741 4112; baseline 0.001 -31.054"><span class='ocrx_word' id='word_1_402' title='bbox 573 4026 970 4082; x_wconf 79' lang='grc' dir='ltr'>2·12.’1“ιιιιι</span> <span class='ocrx_word' id='word_1_403' title='bbox 997 4023 1080 4078; x_wconf 85' lang='lat' dir='ltr'>iu-</span> <span class='ocrx_word' id='word_1_404' title='bbox 1079 4041 1118 4088; x_wconf 83' lang='grc' dir='ltr'>ι,</span> <span class='ocrx_word' id='word_1_405' title='bbox 1145 4021 1394 4095; x_wconf 84' lang='lat' dir='ltr'>cognitis</span> <span class='ocrx_word' id='word_1_406' title='bbox 1421 4039 1555 4112; x_wconf 70' lang='lat' dir='ltr'>quae</span> <span class='ocrx_word' id='word_1_407' title='bbox 1580 4029 1640 4076; x_wconf 87' lang='lat' dir='ltr'>et</span> <span class='ocrx_word' id='word_1_408' title='bbox 1665 4023 1939 4080; x_wconf 81' lang='lat' dir='ltr'>exercitui</span> <span class='ocrx_word' id='word_1_409' title='bbox 1968 4030 2027 4079; x_wconf 87' lang='lat' dir='ltr'>et</span> <span class='ocrx_word' id='word_1_410' title='bbox 2066 4022 2187 4078; x_wconf 83' lang='lat' dir='ltr'>filio</span> <span class='ocrx_word' id='word_1_411' title='bbox 2228 4040 2337 4079; x_wconf 87' lang='lat' dir='ltr'>suo</span> <span class='ocrx_word' id='word_1_412' title='bbox 2378 4025 2741 4098; x_wconf 78' lang='lat' dir='ltr'>acciderant,</span> 
     </span>
    </p>
   </div>
   <div class='ocr_carea' id='block_1_3' title="bbox 553 4093 2737 4234">
    <p class='ocr_par' dir='ltr' id='par_1_3' title="bbox 553 4093 2737 4234">
     <span class='ocr_line' id='line_1_46' title="bbox 553 4093 2737 4191; baseline -0.002 -29"><span class='ocrx_word' id='word_1_413' title='bbox 553 4105 732 4162; x_wconf 77' lang='lat' dir='ltr'>misso</span> <span class='ocrx_word' id='word_1_414' title='bbox 753 4103 825 4160; x_wconf 86' lang='lat' dir='ltr'>ad</span> <span class='ocrx_word' id='word_1_415' title='bbox 846 4099 1063 4177; x_wconf 76' lang='lat' dir='ltr'>Cyrum</span> <span class='ocrx_word' id='word_1_416' title='bbox 1082 4102 1299 4191; x_wconf 80' lang='lat' dir='ltr'>legate,</span> <span class='ocrx_word' id='word_1_417' title='bbox 1313 4100 1436 4168; x_wconf 66' lang='lat' dir='ltr'>haee</span> <span class='ocrx_word' id='word_1_418' title='bbox 1460 4102 1513 4156; x_wconf 88' lang='lat' dir='ltr'>ei</span> <span class='ocrx_word' id='word_1_419' title='bbox 1536 4093 1744 4172; x_wconf 82' lang='lat' dir='ltr'>edixit:</span> <span class='ocrx_word' id='word_1_420' title='bbox 1790 4097 2229 4184; x_wconf 78' lang='lat' dir='ltr'>“Inexplcbilis</span> <span class='ocrx_word' id='word_1_421' title='bbox 2244 4105 2529 4180; x_wconf 80' lang='lat' dir='ltr'>sanguine</span> <span class='ocrx_word' id='word_1_422' title='bbox 2542 4104 2737 4180; x_wconf 77' lang='lat' dir='ltr'>Cyre.</span> <span class='ocrx_word' id='word_1_423' title='bbox 2724 4107 2734 4142; x_wconf 84' lang='lat'>¹</span> 
     </span>
     <span class='ocr_line' id='line_1_47' title="bbox 1220 4194 1663 4234; baseline -0.009 4"><span class='ocrx_word' id='word_1_424' title='bbox 1220 4194 1228 4228; x_wconf 86' lang='grc'><strong>(</strong></span> <span class='ocrx_word' id='word_1_425' title='bbox 1626 4223 1663 4234; x_wconf 68' lang='grc'>,.</span> 
     </span>
    </p>
   </div>
  </div>
 </body>
</html>
