2925 4992
1141 325 1430 388 cmo.
1825 406 1831 410 ⁵
2299 333 2379 392 σι

182 490 220 516 “
245 482 558 576 acutique
583 481 846 541 efferaris
869 501 930 542 re
965 492 1154 560 gesta,
1180 483 1517 560 quod'vite'o
1543 485 1759 550 fructu,
1782 495 1903 560 quo
1928 485 2265 560 repletis-os
2296 489 2377 548 ita

181 570 217 594 “
245 563 536 628 insanitis,
563 571 660 628 ut,
689 571 1000 638 postquam
1029 567 1234 620 vinum
1267 566 1330 621 in
1353 581 1565 638 corpus
1589 564 1902 630 descendit,
1928 565 2185 622 scelestis
2210 569 2373 624 voci·-

181 648 222 672 “
253 641 358 698 bus
385 643 728 706 exundetiS,
745 644 858 699 tali
884 659 1110 700 veneno
1123 644 1442 718 ‘deceptum
1470 640 1657 699 tilium
1684 661 1881 698 meum
1908 647 2217 716 superasti,
2248 663 2372 704 non

183 727 224 752 “
245 715 410 789 justo
453 721 666 792 praelio
707 733 768 776 et
817 721 1022 776 bellica
1071 723 1290 778 virtute
1334 722 1543 778 vicisti.
1622 720 1797 777 Nunc
1840 739 1985 796 ergo
2034 725 2371 792 consitium,

182 805 222 830 “
247 799 404 871 quod
431 799 546 854 tibi
577 799 740 854 bono
766 800 960 856 animo
987 801 1242 873 profem,
1269 801 1485 892 accipe.
1552 799 1755 856 Redde
1782 801 1927 856 mihi
1956 800 2165 866 filium,
2190 809 2251 858 et
2274 803 2373 862 abi

203 883 318 933 ‘ex'
343 877 456 934 hac
483 881 662 944 terra,
678 879 920 952 impune
947 878 1142 934 ferens
1167 879 1322 951 quod
1349 879 1577 934 tertiam
1596 879 1885 934 exercitus
1898 879 2371 954 Massagetarum

179 962 470 1065 :partem
499 955 614 1012 hac
637 956 1001 1012 contumelia
1015 957 1305 1012 adfecisti.
1345 956 1521 1018 Quod
1548 957 1598 1012 si
1618 958 1746 1014 haec
1776 974 1893 1014 non
1918 958 2144 1022 feceris,
2172 958 2371 1018 Solem

179 1040 400 1178 “11ιιι·ο,“
429 1034 744 1110 dominum
781 1035 1272 1108 Massagetamm,
1295 1045 1452 1092 certe
1490 1045 1587 1090 me
1624 1045 1703 1102 te,
1734 1037 2007 1108 quamvis
2048 1037 2369 1112 inexplebi-

271 1129 364 1167 em
419 1130 526 1168 san
581 1131 712 1170 uine
739 1115 1142 1174 satiaturam.”

249 1195 390 1248 218.
437 1105 672 1248 ιιοξιιιιι
713 1192 1026 1248 verborum
1072 1192 1146 1248 ad
1187 1211 1248 1249 se
1290 1194 1605 1250 relatorum
1656 1173 1879 1250 nullam
1912 1183 2109 1268 Cyrus
2162 1191 2373 1254 hahuit

175 1271 479 1326 rationem.
559 1271 810 1345 Regin-‘e
849 1278 1046 1326 autem
1091 1271 1398 1364 Tomyrios
1437 1273 1594 1327 filius
1626 1274 2026 1364 SpargapiseS,
2058 1285 2387 1348 postquam·

175 1349 421 1404 remissa
445 1348 506 1402 vi
532 1346 654 1404 vini
683 1347 882 1405 didicit
906 1366 1166 1422 quonam
1209 1352 1268 1407 in
1292 1351 1466 1420 malo
1478 1359 1651 1416 esset,
1682 1352 1871 1407 oravit
1899 1352 2117 1426 Cyrum
2142 1362 2213 1408 ut
2242 1355 2369 1410 vin-

174 1426 324 1484 culis
351 1427 694 1496 solveretur,
723 1428 892 1501 idque
919 1428 972 1483 ei
1012 1445 1111 1484 rex
1151 1429 1415 1486 indulsit.
1498 1431 1573 1484 At
1614 1429 1964 1502 simulatque
1991 1431 2219 1486 solutus
2244 1439 2370 1489 erat

172 1514 232 1563 et
251 1521 552 1562 manuum
589 1523 829 1562 suarum
871 1512 1103 1580 potens,
1133 1525 1194 1564 se
1241 1508 1366 1581 ipse
1409 1507 1740 1563 interemit:
1784 1514 1842 1564 et
1882 1512 1993 1564 hoc
2030 1509 2168 1564 vitae
2207 1511 2368 1567 exitu

171 1585 272 1641 ille
301 1600 444 1640 usus
471 1593 578 1640 est.

249 1666 392 1722 214.
433 1662 546 1718 Sed
588 1663 882 1738 TomyriS,
924 1664 1025 1720 ubi
1067 1667 1122 1722 ei
1159 1683 1384 1724 morem
1430 1682 1549 1720 noa
1584 1665 1771 1740 gessit
1813 1665 2017 1739 Cyrus,
2059 1667 2369 1724 contractis

173 1743 454 1799 omnibus
483 1743 686 1814 copiis,
715 1744 914 1816 praelio
939 1761 1072 1800 cum
1096 1745 1208 1800 illo
1235 1743 1514 1800 conflixit.
1594 1743 1729 1800 Hoc
1764 1744 2058 1816 praelium,
2068 1737 2372 1836 quotquot

171 1839 206 1876 a
232 1821 499 1876 barbaris
527 1821 861 1878 hominibus
888 1823 1084 1895 praeiia
1108 1823 1424 1880 commissa
1450 1829 1610 1888 s'unt,
1640 1821 1909 1895 equidem
1936 1823 2209 1880 existimo
2236 1841 2367 1879 om·-
2456 1877 2470 1892 ,

173 1899 338 1956 nium
381 1898 566 1955 fuisse
596 1901 981 1971 acerrimum,
1019 1917 1151 1958 rem
1179 1902 1339 1958 enim
1383 1900 1489 1956 tali
1526 1901 1705 1958 modo
1746 1908 1973 1993 gestam
2000 1919 2125 1958 esse
2154 1903 2368 1975 accepi.

171 1977 444 2034 Primum
469 1994 541 2034 ex
569 1978 765 2051 aliquo
799 1979 988 2052 spatio
1028 1980 1334 2045 distantes,
1356 1979 1483 2035 tela
1520 1980 1769 2036 invicem
1810 1975 2165 2052 conjecisse5
2211 1980 2367 2047 dein,

171 2057 462 2112 absumtis
507 2057 658 2120 telis.
685 2059 1067 2123 concurrisse,
1095 2067 1156 2114 et
1191 2059 1372 2115 hastis
1411 2053 1743 2114 conflixisse
1782 2057 2145 2132 gladiisque5
2192 2067 2369 2133 atque

172 2136 395 2191 diutius
437 2135 524 2190 ita
574 2137 854 2192 consertis
895 2137 1172 2192 manibus
1215 2151 1529 2228 pugnasse,
1564 2135 1783 2192 neutris
1826 2137 2033 2212 fugam
2074 2155 2369 2211 capessere

169 2213 528 2270 volentibus.
607 2213 698 2270 Ad
723 2221 1048 2270 extremum
1073 2231 1216 2270 vero
1243 2216 1565 2289 superiores
1588 2215 1940 2307 Massagetae
1964 2216 2369 2273 discesserunt.

170 2292 368 2368 Igitur
407 2288 666 2348 maxima
704 2309 834 2365 pars
863 2293 1075 2348 Persici
1115 2294 1398 2350 exercitus
1427 2293 1676 2349 eodem
1662 2311 1723 2348 ιιι
1759 2292 1891 2349 loco
1918 2302 2005 2349 est
2033 2295 2366 2362 interemta,

171 2382 229 2427 et
255 2371 380 2445 ipse
411 2370 588 2444 Cyrus
621 2370 770 2436 obiit,
800 2379 1105 2445 postquam
1148 2389 1332 2427 annos
1369 2379 1675 2446 regnasset
1710 2371 2130 2446 undetriginta.
2209 2372 2367 2429 Tum

168 2449 466 2524 Tomyris,
495 2467 664 2506 sacco
687 2451 996 2525 sanguine
991 2445 1222 2524 repleto
1251 2450 1536 2516 humano,
1554 2450 1707 2524 Cyri
1732 2449 1978 2506 cadaver
2004 2452 2158 2506 inter
2184 2467 2365 2506 caeso·

170 2547 302 2586 rum
345 2529 656 2584 Persarum
696 2535 950 2603 stragem
985 2531 1164 2597 jussit
1205 2530 1498 2603 perquiri:
1545 2527 1871 2602 repertique
1916 2536 2095 2602 caput
2137 2530 2194 2584 in
2244 2541 2367 2586 sac-

170 2625 303 2664 cum
327 2603 585 2671 demisit,
617 2607 809 2677 (sive,
795 2626 853 2662 ιιι
880 2625 1045 2663 sacco
1068 2608 1420 2681 suspendit,)
1447 2615 1683 2664 mortuo
1705 2607 1795 2662 his
1818 2606 2007 2663 verbis
2036 2607 2359 2664 insultans
2348 2651 2361 2663 .

173 2694 215 2718 “
241 2686 338 2743 Tu
367 2703 468 2742 me
494 2686 714 2751 vivam,
747 2686 948 2759 tuique
974 2687 1292 2752 victricem,
1321 2683 1643 2759 perdidisti,
1664 2686 1765 2759 qui
1790 2685 1979 2741 filium
2006 2702 2203 2742 meum
2229 2686 2367 2742 dolo

175 2772 218 2797 “
243 2765 450 2837 cepisti
478 2786 490 2819 :
527 2772 584 2820 te
598 2780 742 2820 vero
765 2782 902 2840 ege,
923 2766 1103 2840 ‚sicuti
1131 2766 1350 2821 minata
1377 2783 1533 2830 sum,
1554 2764 1847 2838 sanguine
1874 2764 2149 2820 satiabo.’‘
2190 2765 2367 2827 Quod

171 2844 354 2919 igitur
381 2843 456 2898 ad
485 2842 788 2917 vitaefinem
818 2843 950 2916 Cyri
973 2852 1218 2916 spectat,
1247 2843 1436 2900 multa
1461 2842 1697 2916 quidem
1726 2844 1841 2899 alia
1862 2843 2205 2918 diversaque
2233 2853 2365 2900 aar·

173 2933 392 2988 rantur,
420 2921 528 2976 sed
554 2922 665 2977 ista
690 2923 836 2978 mihi
858 2925 1115 2978 maxime
1139 2921 1469 2978 verisimilis
1490 2922 1621 2976 'visa
1646 2925 1768 2976 erat
1787 2922 2061 2979 nari-atie.

247 3005 388 3058 215.
433 2999 710 3056 Utuntur
752 2997 1105 3074 Massagetae
1133 3001 1208 3057 'e't
1237 2996 1601 3056 ‘vestimento
1643 3008 1703 3056 et
1744 3001 1881 3055 vitae
1928 3000 2149 3056 ratione
2186 3001 2369 3058 simili

176 3081 544 3154 Scytharum.
623 3077 720 3133 Ex
757 3080 918 3154 equis
949 3087 1248 3154 pugnant,
1277 3087 1338 3134 et
1377 3078 1639 3152 pedites:
1686 3095 1823 3133 nam
1866 3084 2111 3150 utroque
2150 3081 2367 3152 genere

174 3159 390 3216 valent.
473 3157 553 3212 Et
579 3175 716 3214 arcu
741 3165 800 3214 et
825 3158 1004 3214 hastis
1025 3165 1301 3225 utuntur,
1323 3154 1721 3230 bipennesque
1746 3161 1975 3230 gestare
1996 3167 2368 3214 consuerunt.

171 3236 256 3294 Ad
283 3237 488 3294 omnia
514 3253 656 3290 auro
682 3244 930 3292 utuntur
955 3244 1057 3291 aut
1086 3254 1214 3294 aere.
1291 3236 1380 3292 Ad
1421 3235 1641 3300 hastas,
1669 3234 1743 3290 ad
1782 3234 2128 3308 sagittarum
2170 3234 2365 3311 cusp?⁶

173 3316 310 3380 des,
319 3315 396 3372 ad
441 3315 724 3388 bipennes
749 3333 870 3372 non
909 3316 1020 3372 nisi
1047 3333 1158 3372 aere
1189 3321 1466 3386 utuntur3
1512 3313 1587 3370 ad
1624 3309 1829 3387 capitis
1871 3321 2162 3379 ornatum,
2192 3323 2251 3370 et
2292 3315 2367 3372 ad

173 3394 412 3469 cingula
435 3395 654 3450 circum
692 3392 928 3450 lumbos
957 3401 1018 3452 et
1041 3390 1194 3450 circa
1217 3394 1452 3459 axillas,
1482 3409 1644 3448 auro.
1723 3391 2000 3448 Similiter
2026 3393 2189 3468 equis
2216 3394 2371 3450 circa

173 3480 370 3546 pectus
400 3482 592 3528 aeneos
631 3472 1080 3546 circumponunt
1119 3473 1418 3528 thoraces:
1457 3469 1827 3528 'habenarum
1868 3471 2067 3528 autem
2094 3479 2366 3528 ornatum

173 3560 229 3607 et
254 3552 458 3610 frenos
483 3559 554 3606 et
584 3551 850 3640 phaleras
888 3569 961 3606 ex
1003 3569 1144 3607 auro
1180 3549 1415 3606 habent.
1495 3549 1751 3626 Argento
1783 3566 1917 3604 vero
1944 3557 2004 3606 et
2024 3548 2182 3606 ferro
2218 3551 2369 3606 nihil

173 3638 464 3700 utuntur3
510 3646 616 3684 nec
655 3621 809 3686 enim
854 3629 916 3684 in
955 3637 1159 3686 eorum
1207 3637 1362 3685 terra
1401 3621 1641 3684 metalla
1676 3627 1805 3684 haec
1846 3628 2234 3702 reperiuntur,
2266 3629 2368 3684 sed

175 3710 298 3766 aeris
325 3717 388 3765 et
414 3709 544 3764 auri
561 3707 860 3766 immensa
885 3708 1074 3780 copia.

248 3791 386 3844 216.
426 3787 724 3843 Institutis
765 3794 1009 3843 utuntur
1039 3787 1213 3844 hisce.
1293 3785 1555 3843 Uxorem
1578 3784 1815 3858 quidem
1844 3783 2011 3842 duxit
2048 3783 2366 3859 unusquis·-

175 3883 318 3940 que3
369 3862 460 3921 his
487 3872 684 3920 autem
717 3865 776 3920 in
807 3872 1124 3922 comm'une
1161 3872 1427 3922 utuntur.
1507 3864 1689 3929 Nam,
1718 3865 1877 3938 quod
1903 3864 2093 3920 Graeci
2136 3864 2309 3918 aiunt
2332 3883 2370 3922 a

178 3945 404 4019 Scythis
429 3945 582 4010 fieri,
611 3943 668 3998 id
697 3961 816 4000 non
843 3941 1067 4018 Scythae
1095 3944 1337 4008 faciunt,
1364 3943 1464 3999 sed
1492 3942 1885 4018 Massagetae:
1927 3956 2141 4014 nempe
2166 3937 2364 4013 cujus-

177 4037 424 4098 cumque
451 4022 714 4080 mulieris
743 4023 953 4114 cupido
978 4023 1213 4080 incessit
1235 4021 1657 4096 Massagetam‚
1687 4038 1823 4076 cum
1849 4039 1937 4087 ea,
1967 4020 2234 4094 pharetra
2260 4037 2367 4105 pro

179 4101 434 4172 plaustro
473 4115 782 4175 suspensa,
815 4103 1054 4174 impune
1089 4100 1444 4158 concumbit.
1524 4099 1869 4155 Terminum
1898 4098 2136 4172 quidem
2178 4096 2365 4156 aetatis

179 4180 404 4237 nullum
428 4188 721 4238 statutum]
764 4178 1014 4237 habent:
1056 4180 1156 4252 sed
1183 4178 1418 4253 quando
1444 4178 1574 4253 quis
1603 4177 1923 4234 admodum
1940 4185 2121 4235 oetate
2150 4189 2365 4252 ,proves

1213 4273 1259 4313 ιι
1286 4260 1324 4313 2
