2925 4992
1123 313 1408 374 CLIO.
2272 323 2355 377 25

151 471 378 546 pabulo,
411 471 742 546 frequentes
781 469 1199 546 deglutiebant.
1283 471 1350 528 Id
1391 472 1593 527 Croeso
1620 472 1883 530 cernenti
1914 472 2105 530 visum
2128 481 2243 540 est,
2270 482 2343 530 ut

154 559 282 616 erat,
299 569 432 608 esse
456 559 794 623 portentum
817 566 834 604 ι
865 551 1058 624 itaque
1079 568 1110 606 e
1135 551 1384 624 vestigio
1409 551 1573 606 misit
1592 553 1691 624 qui
1716 551 2046 626 haruspices
2070 553 2339 608 consule-

153 641 264 686 rent
284 629 737 686 Telmessenses,
817 628 932 684 Sed
957 629 1383 684 consultoribus
1415 627 1788 686 Telmessum
1816 630 2112 704 profectis,
2144 632 2341 704 ibique

151 708 274 780 quid
300 709 658 782 significaret
681 706 1018 781 prodigium
1059 707 1300 772 edoctis,
1333 723 1448 762 non
1477 708 1748 782 contigit,
1784 717 1855 764 ut
1888 709 2091 763 Croeso
2121 727 2336 764 renun-

154 789 288 842 ciare
332 803 678 859 responsum
733 793 1008 859 possent3
1063 803 1202 840 nam
1239 785 1577 858 priusquam
1632 787 1839 842 bardes
1875 787 2337 860 renavigassent,

151 873 333 937 captus
376 865 611 920 Croesus
637 874 780 921 erat.
844 864 1022 937 Atqui
1046 864 1480 920 Telmessenses
1522 865 1604 919 ita
1638 875 2003 931 censuerant,
2044 869 2336 922 exercitum

153 945 480 1015 peregrinum
505 946 870 1015 ingressurum
897 961 1006 998 esse
1022 949 1224 998 terram
1257 941 1440 1008 Croesi,
1470 949 1525 997 et
1550 944 1753 998 incolas
1773 960 2147 1016 oppressurum
2164 965 2185 999 .·
2223 962 2339 1000 ser-

149 1029 315 1094 pentes
354 1025 519 1087 etaim,
551 1023 811 1087 aiebant,
838 1038 948 1076 esse
984 1017 1139 1077 ter‘roe
1158 1021 1315 1094 filios
1328 1046 1349 1087 ,·
1387 1038 1549 1092 equos
1577 1029 1781 1088 autem,
1808 1023 1979 1077 hostes
2005 1030 2057 1076 et
2082 1023 2335 1080 advenas.

150 1099 217 1155 Et
250 1100 372 1156 haec
400 1101 642 1174 quidem
685 1100 1108 1172 responderunt
1137 1097 1575 1156 Telmessenses
1605 1101 1807 1156 Croeso
1839 1096 1965 1170 jam
2008 1113 2202 1174 capto,
2230 1101 2333 1158 sed

149 1175 308 1234 nescii
333 1179 526 1234 adhuc
556 1179 692 1252 ipsi,
722 1177 861 1251 quid
885 1177 1162 1234 Sardibus
1190 1184 1462 1250 ageretur
1482 1185 1584 1234 aut
1612 1179 1752 1251 quid
1782 1179 1985 1234 Croeso
2012 1179 2335 1236 accidisset.

215 1259 302 1318 79.
341 1259 417 1313 At
458 1260 652 1332 Cyrus
689 1257 901 1312 certior
939 1255 1152 1320 factae,
1183 1256 1477 1322 Croesum,
1506 1273 1690 1330 quum
1731 1256 2013 1313 continuo
2052 1265 2183 1330 post
2223 1275 2331 1331 pu-

151 1349 305 1410 gnam
336 1335 396 1392 in
425 1333 619 1392 Pteria
647 1341 975 1410 pugnatam
1001 1329 1195 1408 copias
1223 1351 1352 1390 suas
1381 1333 1625 1390 domum
1652 1334 1975 1406 reduceret,
2006 1335 2332 1393 decrevisse

149 1423 262 1486 post
287 1415 544 1470 reditum
573 1413 862 1470 dimittere
889 1413 1108 1484 copias,
1135 1411 1380 1468 consilio
1407 1411 1561 1468 inito
1591 1413 1875 1470 intellexit
1904 1431 1937 1468 e
1964 1430 2023 1468 re
2050 1430 2159 1470 sua
2176 1430 2329 1480 esse,

148 1509 305 1564 quam
342 1493 651 1548 celerrime
691 1499 886 1564 posset
926 1489 1199 1546 adversus
1245 1489 1450 1546 Sardes
1492 1491 1724 1559 ducere,
1754 1492 2093 1564 priusquam
2130 1489 2331 1567 Lydo-

149 1587 260 1626 rum
299 1571 483 1645 eopiae
535 1586 736 1625 rursus
777 1569 1034 1625 collectae
1077 1575 1284 1625 essent.
1364 1569 1581 1640 Atque,
1621 1579 1691 1626 ut
1732 1569 1787 1624 ei
1829 1565 2023 1626 visiun
2064 1581 2213 1635 erat,
2250 1571 2332 1626 ita

147 1650 380 1720 protinus
427 1649 593 1705 fecit.
671 1647 829 1704 Nam
873 1647 1194 1704 exercitum
1246 1647 1308 1701 in
1353 1645 1606 1720 Lydiam
1644 1647 1882 1710 ducenS,
1914 1648 2037 1720 ipse
2081 1648 2331 1704 nuncius

147 1727 325 1784 Croeso
350 1727 618 1784 advenit.
697 1725 792 1781 Ibi
829 1734 960 1782 tum
988 1725 1222 1782 Croesus
1252 1725 1314 1778 in
1352 1740 1637 1798 magnam
1666 1725 1895 1780 consilii
1938 1725 2195 1798 inopiam
2225 1726 2329 1781 ad-

147 1804 354 1873 ductus,
382 1823 574 1880 quum
598 1805 782 1878 longe
807 1821 973 1860 secus
999 1813 1172 1878 atque
1199 1809 1634 1876 exspectaverat
1664 1820 1751 1858 res
1776 1801 2095 1867 cecidisset,
2126 1812 2327 1860 tamen

146 1881 316 1956 Lydos
345 1886 404 1939 in
433 1883 714 1958 praelium
740 1882 958 1938 eduxit.
1035 1883 1184 1938 Erat
1209 1889 1408 1937 autem
1445 1897 1515 1935 ea
1542 1887 1712 1936 aetate
1738 1881 1933 1938 nullus
1960 1882 2111 1938 Asiae
2139 1899 2328 1956 popu-

145 1961 224 2018 lus
262 1963 486 2029 fortior,
529 1979 634 2018 nec
679 1961 868 2035 magis
912 1970 1210 2026 strenuus,
1247 1976 1422 2032 quam
1460 1956 1705 2032 Lydius.
1784 1959 2098 2036 Pugnandi
2139 1977 2325 2034 genus

147 2048 252 2097 erat
275 2060 344 2100 ex
367 2041 578 2116 equis3
613 2040 925 2113 hastasque
951 2039 1259 2116 gestabant
1281 2037 1631 2112 praelongas,
1654 2045 1715 2092 et
1740 2037 2035 2112 equitandi
2059 2038 2327 2113 inprimis

146 2127 287 2176 erant
349 2120 499 2176 eriti.

210 2138 631 2272 80.PCampus,
657 2195 718 2252 in
741 2215 858 2271 quo
882 2213 1228 2254 concursum
1258 2202 1366 2260 est,
1393 2203 1528 2250 ante
1551 2194 1757 2252 urbem
1786 2194 2121 2251 Sardianam
2144 2191 2325 2264 jacet,

147 2294 371 2351 magnus
398 2286 456 2334 et
483 2276 729 2334 nudus:
772 2294 948 2350 quem
977 2275 1327 2349 perfluentes
1367 2290 1507 2328 cum
1538 2273 1639 2329 alii
1678 2291 1897 2337 anmeS‚
1924 2282 2054 2328 tum
2082 2273 2325 2348 Hyllus,

144 2364 516 2428 perrumpunt
541 2371 752 2410 omnes
776 2355 837 2410 in
872 2371 1010 2410 eum
1037 2354 1137 2427 qui
1175 2353 1469 2408 maximus
1493 2359 1600 2416 est,
1627 2353 1723 2408 cui
1768 2369 1981 2407 nomen
2020 2350 2281 2407 Hermus
2304 2377 2319 2420 ς

146 2434 316 2506 qui,'e
352 2441 558 2490 monte
602 2432 784 2488 Matri
822 2432 1210 2506 Dindymenae
1262 2447 1424 2485 sacro
1465 2438 1652 2496 ortus,
1694 2426 1755 2484 in
1794 2447 1957 2485 mare
2002 2446 2063 2486 se
2106 2447 2325 2486 exone-

145 2521 220 2568 rat
261 2507 427 2582 juxta
464 2510 1050 2568 Phocaeamurbem.
1132 2509 1251 2566 Hic
1289 2508 1391 2564 ubi
1435 2505 1630 2581 Lydos
1684 2507 1756 2564 ad
1798 2508 2187 2583 pugnandum
2234 2509 2326 2564 in-

146 2581 370 2646 structos
431 2591 586 2646 vidit
641 2590 848 2662 Cyrus,
909 2588 1298 2645 reformidans
1355 2587 1706 2658 equitatum,
1760 2587 1995 2642 monitu
2055 2587 2326 2662 Harpagi

146 2665 305 2733 Medi,
333 2671 446 2726 tale
482 2669 624 2725 iniit
648 2668 975 2723 consilium.
1057 2667 1288 2721 Coactis
1314 2664 1592 2720 omnibus
1621 2682 1753 2737 quae
1780 2666 2101 2722 exercitum
2143 2666 2325 2738 ipsius

148 2747 514 2820 sequebantur
543 2745 811 2812 camelis,
840 2747 936 2800 vel
967 2745 1335 2801 frumentum
1363 2744 1456 2797 vel
1488 2760 1625 2798 vasa
1650 2743 2042 2816 portantibuS,
2072 2745 2325 2800 sarcinas

145 2823 385 2893 detraxit,
412 2834 473 2882 et
508 2826 674 2882 viros
717 2824 997 2897 imposuit
1036 2823 1288 2897 equestri
1330 2815 1497 2876 cultu
1537 2829 1811 2876 ornatos:
1854 2821 2075 2895 quibus
2108 2823 2192 2878 ita
2235 2823 2327 2880 in-

145 2905 352 2961 structis
377 2902 686 2978 praecepit,
714 2915 781 2958 ut
809 2911 1042 2958 caeteras
1069 2903 1264 2974 copias
1291 2900 1561 2972 praeirent
1588 2899 1863 2954 adversus
1886 2901 2066 2955 Croesi
2096 2900 2325 2973 equita-

146 2987 289 3054 tum3
333 2983 668 3055 peditatum
705 2998 844 3036 vero
874 2977 1053 3051 jussit
1093 2979 1449 3036 camelorum
1494 2977 1679 3032 aciem
1720 2977 1995 3050 subsequi
2016 3003 2031 3046 ;
2077 2978 2327 3050 denique

145 3067 258 3130 post
301 3060 633 3134 pedestrem
686 3059 868 3116 aciem
912 3060 1242 3133 equitatum
1283 3072 1526 3111 omnem
1567 3055 1813 3126 locavit..
1888 3055 2003 3110 His
2046 3055 2327 3113 omnibus

145 3137 214 3192 ita
236 3140 530 3208 ordinatis,
569 3137 750 3192 edixit
791 3155 865 3194 ne
904 3138 1000 3194 cui
1040 3143 1340 3210 parcerent
1374 3129 1668 3207 Lydorum
1698 3141 2064 3196 coeterorum,
2094 3134 2194 3189 sed
2222 3151 2345 3192 oc-.

145 3215 371 3273 ciderent
411 3223 660 3273 cunctos
692 3215 795 3290 qui
835 3217 1190 3279 resisterent,
1221 3215 1488 3268 Croesum
1512 3229 1653 3266 vero
1694 3209 1885 3283 ipsum
1930 3228 2051 3266 non
2097 3211 2324 3268 occide-

147 3301 278 3360 rent,
302 3313 374 3351 ne
399 3296 449 3352 si
473 3302 682 3368 captus
709 3294 949 3366 quidem
992 3298 1364 3368 repugnaret.
1443 3289 1579 3344 Hoc
1608 3289 1921 3360 imperium
1950 3289 2123 3348 dedit.
2206 3291 2323 3348 Ca-

145 3372 306 3428 melos
333 3382 532 3431 autem
564 3370 840 3444 adversus
866 3372 1192 3446 equitatum
1221 3368 1501 3425 instruxit
1532 3368 1637 3423 bac
1664 3368 1735 3422 de
1759 3384 1999 3424 caussa:
2030 3370 2323 3426 camelum

145 3465 306 3522 equus
348 3450 714 3517 reformidat,
740 3449 886 3506 adeo
926 3449 1161 3523 quidem
1203 3455 1272 3504 ut
1313 3463 1419 3502 nec
1462 3447 1717 3520 speciem
1761 3442 1889 3515 ejus
1934 3446 2170 3511 intueri,
2214 3465 2327 3504 nec

144 3529 357 3586 odorem
397 3530 698 3604 percipere
743 3531 1062 3599 sustineat:
1107 3527 1186 3582 ob
1232 3525 1286 3580 id
1337 3525 1531 3597 ipsum
1583 3524 1763 3596 igitur
1814 3524 2099 3582 rationem
2149 3526 2323 3582 istam

145 3604 348 3672 inierat,
367 3617 436 3664 ut
459 3610 664 3666 Cremo
687 3607 929 3664 ‘inutiles
955 3615 1149 3662 essent
1173 3610 1466 3676 equestres
1488 3604 1695 3676 copiae,
1718 3602 1929 3676 quibus
1954 3605 2043 3657 vel
2070 3605 2325 3659 maxime

144 3700 195 3739 se
241 3687 679 3758 praevaliturum
720 3685 926 3760 Lydus
969 3685 1348 3759 cogitaverat.
1425 3681 1615 3755 Atque
1658 3681 1860 3744 etiam,
1899 3689 2209 3754 postquam
2250 3681 2325 3738 ad

147 3779 383 3837 pugnam
410 3781 770 3821 concursum
801 3773 909 3831 est,
940 3763 1021 3819 ibi
1061 3772 1189 3819 tum
1217 3760 1374 3832 equi,
1401 3758 1756 3831 simulatque
1782 3759 2103 3814 olfecerunt
2130 3776 2325 3818 came·

145 3837 220 3895 los
255 3849 821 3916 conspexeruntque,
850 3841 1121 3916 protinus
1162 3846 1315 3896 retro
1354 3855 1416 3892 se
1455 3845 1816 3902 averterunt,
1844 3844 1904 3893 et
1928 3837 2093 3892 elusa
2122 3839 2325 3892 Croeso

145 3933 257 3990 spes
282 3931 416 3977 erat.
498 3922 629 3978 Nec
657 3937 796 3976 vero
836 3921 1048 3978 idcirco
1078 3917 1228 3992 Lydi
1265 3916 1545 3972 continuo
1585 3911 1843 3986 abjecere
1883 3915 2113 3973 animos
2141 3939 2156 3988 3
2203 3915 2323 3980 sed,

144 4011 195 4050 re
240 4001 490 4074 cognita,
537 3999 613 4055 ab
667 3999 830 4071 equis
884 3998 1229 4061 desilientes,
1271 3993 1517 4068 pedibus
1571 3993 1886 4050 conflixere
1938 4010 2075 4052 cum
2120 3993 2325 4051 Persis.
2402 4045 2407 4050 .

144 4069 422 4134 Postremo
451 4095 613 4143 vero,
641 4076 847 4134 multis
875 4077 1172 4150 utrimque
1199 4073 1384 4138 caesis,
1413 4073 1476 4128 in
1522 4073 1732 4147 fugam
1772 4070 1924 4126 versi
1958 4079 2094 4126 sunt
2131 4071 2279 4149 Lydi
2306 4089 2323 4129 t

141 4148 314 4228 itaque
342 4155 495 4214 intra
521 4173 764 4215 murum
791 4151 1102 4229 compulsi,
1131 4149 1548 4212 obsidebantur
1576 4169 1611 4206 a
1636 4149 1843 4210 Persis.

1205 4247 1240 4288 s
