2925 4992
1072 310 1477 373 URANIA.
1545 318 1557 330 “
2271 320 2392 377 399

170 474 215 501 “
244 474 480 529 tantam
526 468 605 527 de
644 466 913 529 hostibus
964 468 1275 527 victoriam
1322 476 1644 546 reportant,
1671 476 1956 547 quantam
2001 469 2116 547 ipsi
2167 474 2390 547 precati

166 555 208 580 “
238 552 471 605 erant.”
552 550 791 611 Quibus
818 549 945 607 haec
980 548 1315 607 dicentibus
1352 568 1541 625 quum
1567 551 1742 611 fidem
1765 569 1888 609 non
1910 550 2216 609 adhiberet
2239 552 2387 609 Adi-

164 634 429 695 mantus,
458 643 657 687 rursus
682 628 921 687 eosdem
942 628 1179 696 dixisse,
1210 636 1253 662 “
1274 638 1508 703 paratos
1525 631 1688 706 ipsos
1715 648 1840 689 esse
1861 630 2096 687 obsides
2121 645 2248 689 sese
2275 630 2386 689 sis-

165 712 209 740 “
238 715 390 773 tere,
420 717 481 763 et
506 708 581 763 ad
606 708 963 783 supplicium
990 708 1151 773 duci,
1181 709 1244 763 ni
1268 708 1462 767 Graeci
1489 711 1778 785 comperti
1800 708 2054 769 fuissent
2075 709 2388 769 victoriam

165 790 213 818 “
238 790 627 861 reportasse.”
708 788 805 843 Ita
820 786 1005 861 igitur
1016 794 1077 843 et
1090 787 1263 844 illum
1280 795 1341 844 et
1360 788 1616 862 reliquos
1631 795 1788 857 retro
1807 787 2172 845 convertisse
2187 806 2388 855 naves,

161 873 223 921 et
252 882 319 921 re
346 874 583 939 peracta
608 866 673 923 in
694 876 887 923 castra
906 866 1243 923 Graecorum
1272 868 1520 925 venisse.
1600 867 1748 927 Haec
1763 867 1838 925 de
1859 867 2184 930 Corinthiis
2207 868 2390 925 Athe..

162 943 399 1000 nienses
443 954 717 1001 narrant:
764 952 827 1003 at
866 953 1092 1021 negant
1130 944 1357 1003 factum
1398 947 1716 1014 Corinthii,
1757 964 1934 1022 seque
1971 943 2130 1003 inter
2165 946 2390 1019 primos

161 1023 365 1079 navali
405 1023 541 1080 haic
584 1036 805 1100 pugnae
844 1031 1159 1081 autumant
1194 1020 1532 1083 interfuisse
1553 1024 1588 1097 ς’
1615 1027 1820 1100 eisque
1851 1025 2256 1083 testimoninm
2283 1042 2389 1083 ex-

162 1100 337 1159 hibet
364 1101 587 1175 reliqua
612 1102 859 1161 Graecia.

247 1182 349 1237 95.
392 1182 675 1239 Aristides
726 1200 891 1248 vero,
940 1180 1279 1255 Lysimachi
1324 1182 1508 1249 filius,
1551 1183 1950 1249 Atheniensis,
1995 1176 2168 1253 cujus
2208 1184 2390 1243 etiam
2461 1236 2468 1247 ,

162 1261 353 1334 paulo
394 1268 557 1325 ante,
584 1270 655 1318 ut
684 1261 899 1334 optimi
934 1260 1063 1327 viri,
1092 1258 1205 1319 feci
1232 1262 1636 1331 mentionem,
1661 1263 1726 1318 in
1767 1262 1870 1318 illo
1909 1261 1986 1317 ad
2025 1261 2390 1321 Salaminem

159 1338 461 1405 tumultu,
490 1340 639 1397 hanc
666 1340 907 1395 navavit
942 1356 1203 1413 operam.
1282 1340 1590 1398 Adsumtis
1613 1341 1906 1417 militibus
1930 1340 2034 1413 qui
2059 1340 2390 1399 secundum

158 1418 338 1473 littus
364 1424 535 1473 terrae
567 1418 903 1475 Salaminiae
926 1426 1098 1475 erant
1134 1418 1336 1485 locati,
1364 1437 1586 1494 genere
1611 1419 2090 1485 Atheniensibus„
2119 1438 2256 1479 cum
2297 1420 2391 1479 his

160 1498 229 1553 in
260 1496 625 1631 Psfysstaleam
660 1498 909 1555 insulam
938 1492 1191 1567 traiecit,
1215 1506 1281 1555 et
1304 1498 1512 1555 Persas
1539 1515 1742 1556 omnes
1781 1499 1888 1571 qul
1912 1498 1974 1553 in
2001 1498 2202 1555 insula
2223 1508 2391 1559 erant

161 1576 329 1631 intei-
424 1576 489 1631 it.
1282 1616 1287 1621 -

250 1656 349 1711 96.
388 1652 661 1711 Dii-emto
694 1652 888 1713 navali
914 1655 1117 1732 praelio
1142 1655 1357 1722 Graeci,
1383 1663 1700 1729 postquam
1739 1654 2186 1730 naul'ragiorum
2211 1654 2388 1731 quid-

160 1731 313 1808 quid
344 1732 499 1790 forte
522 1732 717 1791 adhuc
738 1734 819 1795 ibi
845 1735 1112 1791 locorum
1140 1736 1345 1791 eratin
1372 1744 1590 1791 terram
1617 1740 2048 1809 pertraxerunt,
2071 1734 2148 1790 ad
2170 1752 2389 1793 novam

160 1829 437 1888 pugnam
468 1828 613 1871 ‚sese
666 1822 1103 1887 compararunt,
1151 1813 1550 1871 existimantes
1595 1814 1837 1889 reliquis
1885 1813 2134 1871 navibus
2187 1812 2390 1871 ‹lenuo

159 1908 423 1949 usurum
452 1907 669 1966 regem.
752 1892 865 1948 Sed
890 1910 1169 1968 magnam
1198 1892 1646 1970 naufragiorum
1671 1902 1896 1967 partem
1924 1892 2214 1967 abripiens
2241 1910 2388 1951 ven-

160 1979 269 2028 tus
296 1968 607 2043 Zephyrus
646 1971 721 2027 ad
761 1972 929 2028 littus
966 1972 1203 2039 Atticae,
1230 1971 1327 2027 cui
1366 1972 1564 2027 Colias
1603 1989 1844 2037 nomen,
1871 1971 2146 2028 devexit:
2190 1972 2390 2046 itaque

152 2049 423 2123 impleta
460 2056 597 2105 sunt
632 2058 697 2107 et
736 2050 961 2124 reliqua
998 2052 1201 2109 omnia
1238 2051 1476 2124 oracula
1513 2068 1646 2125 quae
1683 2052 1756 2107 de
1799 2052 1909 2107 hac
1949 2048 2144 2107 navali
2183 2068 2392 2128 pugna

161 2128 345 2185 Bacis
369 2135 431 2183 et
454 2127 717 2185 Musaeus
750 2128 1043 2197 dixerant,
1072 2138 1132 2187 et
1154 2118 1439 2187 nimirum‘
1462 2132 1642 2187 etiam
1669 2130 1814 2200 illud
1841 2129 2002 2203 quod
2029 2127 2229 2186 multis
2251 2139 2388 2194 ante

164 2208 345 2265 aura-s
372 2206 447 2263 de
473 2206 801 2281 naufragiis
838 2226 909 2265 eo
937 2209 1049 2266 loci
1088 2205 1391 2279 ejiciendis
1420 2209 1777 2282 Lysistratus
1805 2208 2087 2274 ediderat,
2115 2208 2388 2265 fatidicus

163 2286 573 2355 Atheniensis,
598 2287 755 2360 quod
778 2287 1019 2345 Graecos
1046 2304 1255 2343 omnes
1280 2287 1572 2343 fefellerat
1595 2309 1609 2342 ι

194 2406 203 2415 ’
306 2412 524 2459 Coliades
544 2413 763 2461 mulieres
788 2416 926 2461 remis
948 2414 1268 2461 terrebuntur.
1296 2414 1419 2477 (sive
1439 2412 1618 2473 potiuS,
1642 2412 1782 2459 remis
1803 2412 1989 2459 frixurae
2010 2408 2166 2473 sunt.)

167 2502 314 2571 Hoc
340 2512 543 2561 autem
572 2516 709 2579 post
734 2506 1053 2563 discessum
1084 2506 1239 2581 regis
1268 2512 1392 2563 erat
1422 2506 1714 2560 futurum.

192 2646 199 2653 ,
251 2586 349 2645 97.
390 2580 617 2641 Xerxes
668 2603 832 2651 ver0,
888 2591 955 2641 ut
1006 2594 1306 2658 acceptam
1358 2583 1509 2639 vidit
1557 2582 1806 2649 cladem,
1861 2583 2081 2639 veritus
2132 2600 2204 2639 ne
2257 2581 2390 2655 quis

166 2662 397 2719 Ionum
424 2663 756 2721 consuleret
792 2663 1015 2721 Graecis
1054 2672 1156 2720 aut
1180 2664 1361 2722 etiam
1392 2662 1501 2737 ipsi
1543 2680 1648 2736 per
1671 2679 1734 2718 se
1761 2660 2070 2719 consilium
2113 2670 2393 2736 caperent

168 2743 233 2807 ‚in
268 2740 723 2815 Hellespontum
754 2741 1069 2817 navigandi
1090 2749 1416 2816 pontesque
1444 2741 1735 2806 solvendi,
1757 2758 1876 2814 quo
1900 2742 2026 2814 ipse
2055 2742 2120 2801 in
2145 2736 2390 2815 Europa

169 2820 527 2881 interclusus
572 2822 645 2877 de
700 2820 890 2877 salute
934 2821 1379 2895 periclitaretur,
1422 2819 1634 2894 fugam
1692 2818 2102 2882 meditabatur.
2184 2820 2389 2877 Celare

170 2909 377 2958 autem
408 2899 480 2956 de
506 2900 619 2956 hoc
658 2901 903 2957 consilio
930 2901 1167 2973 cupiens
1194 2909 1254 2956 et
1294 2900 1532 2955 Graecos
1575 2905 1634 2953 et
1673 2914 1835 2963 sace,
1863 2916 2144 2973 aggerem
2177 2898 2390 2956 ducere

170 2979 232 3034 in
282 2978 643 3035 Salaminem
691 2979 963 3045 instituit,
1008 2979 1335 3053 gaulosque
1388 2974 1716 3050 Phoenicius
1763 2976 2091 3051 colligavit,
2135 2978 2236 3052 qui
2281 2994 2390 3051 pro

167 3064 359 3131 ponte
387 3066 445 3114 et
470 3075 642 3116 muro
670 3066 897 3128 essent3
944 3057 1235 3131 simulque
1263 3064 1323 3114 et
1348 3056 1421 3111 ad
1445 3055 1711 3129 praelium
1739 3072 1801 3111 se
1826 3056 2208 3130 comparavit,
2233 3062 2393 3117 tam-

170 3154 357 3215 quam
404 3136 581 3193 aliam
630 3154 891 3213 pugnam
937 3136 1205 3193 navalem
1250 3134 1691 3191 commissurus.
1768 3132 1852 3191 >Et
1894 3135 2103 3207 reliqui
2149 3132 2390 3208 quidem

170 3233 405 3279 omneS,
446 3216 551 3272 ubi
590 3232 728 3273 eum
769 3217 893 3272 haec
932 3216 1123 3273 facere
1163 3212 1455 3281 viderunt,
1499 3229 1735 3287 prorsus
1775 3212 2189 3269 existimabant
2239 3212 2390 3269 serio

172 3294 348 3351 illum
374 3304 434 3350 et
472 3312 544 3351 ex
589 3293 769 3351 animi
810 3295 1107 3351 sententia
1144 3301 1416 3369 paratum
1456 3310 1584 3348 esse
1623 3308 1864 3348 manere
1891 3300 1950 3348 et
1989 3291 2390 3368 redintegrare

174 3373 399 3429 bellum
428 3396 441 3428 z
492 3381 553 3431 at
590 3373 973 3431 Mardonium
1004 3373 1151 3429 nihil
1190 3390 1395 3429 eorum
1438 3370 1672 3437 fefellit,
1699 3370 1916 3444 quippe
1947 3369 2100 3427 bene
2137 3388 2420 3447 gnarum·

144 3452 313 3533 vquid
356 3452 458 3507 ille
496 3452 729 3509 consilii
766 3453 1033 3527 agitaret.
1114 3451 1266 3507 Haec
1304 3452 1445 3509 dum
1491 3450 1722 3507 Xerxes
1755 3450 1988 3523 agebat,
2014 3450 2196 3507 simul
2238 3468 2390 3507 nun-

171 3533 337 3589 cium
366 3531 426 3587 in
454 3530 751 3589 Persidem
778 3530 963 3597 misit,
993 3532 1415 3605 qui.recentem
1448 3528 1750 3585 nunciaret
1775 3528 2193 3586 calamitatem.

252 3614 351 3669 98.
396 3608 577 3667 Hisce
616 3613 829 3667 nunciis
857 3611 1092 3667 Persicis
1132 3609 1277 3666 nihil
1304 3620 1392 3665 est
1434 3608 1584 3663 inter
1617 3606 1893 3664 mortales
1938 3608 2094 3679 quod
2123 3607 2292 3665 citius
2319 3626 2394 3663 eo

170 3707 293 3764 quo
321 3688 591 3747 tenditur
628 3689 962 3761 perveniat:
1008 3691 1091 3747 ita
1130 3690 1243 3745 hoc
1270 3706 1307 3743 a
1343 3686 1540 3745 Persis
1575 3686 1976 3761 excogitatum
2018 3694 2124 3743 est.
2204 3687 2392 3743 Aiunt

170 3770 363 3835 enim,
390 3776 537 3842 quot
576 3768 803 3826 dierum
844 3780 933 3826 est
972 3770 1313 3827 uuiversum
1360 3766 1490 3831 iter,
1522 3762 1610 3821 tot
1654 3765 1968 3839 dispositos
2009 3773 2070 3821 et
2108 3781 2288 3837 equos
2329 3774 2390 3823 et

170 3850 331 3907 viros
360 3848 425 3903 in
466 3866 699 3923 quaque
738 3848 948 3907 diurna
986 3849 1241 3907 statione
1284 3851 1518 3918 paratos
1543 3854 1736 3917 stare3
1793 3860 1942 3919 quos
1980 3860 2086 3899 nec
2127 3843 2248 3910 nix,
2276 3860 2389 3900 nec

168 3928 387 3995 imber,
413 3946 521 3984 nec
562 3934 763 3994 aestuS,
789 3945 901 3985 nec
934 3944 1061 3994 ,nox
1099 3925 1345 4000 impedit
1370 3942 1488 3998 quo
1515 3925 1714 3981 minus
1754 3938 1930 3979 suum
1971 3923 2221 3995 quisque
2253 3941 2387 3980 cur-

166 4026 307 4065 sum
334 4024 517 4082 quam
548 4006 913 4078 velocissime
952 4005 1239 4063 conficiat.
1319 4002 1578 4077 Nempe,
1608 4003 1709 4077 qui
1739 4003 1966 4076 primus
1990 4001 2190 4071 currit,
2222 4002 2272 4059 is
2299 4020 2388 4059 se·

163 4087 365 4149 cundo
392 4087 575 4145 tradit
613 4084 909 4151 mandata,
934 4084 1223 4151 secundus
1267 4084 1475 4153 terti03
1523 4090 1698 4157 atque
1726 4082 1809 4137 sic
1848 4078 1948 4135 illa
1988 4080 2262 4157 deinceps
2287 4082 2390 4139 alii

160 4176 344 4243 atque
396 4166 501 4223 alii
552 4164 791 4233 trulita,
830 4182 933 4239 per
982 4164 1253 4241 singulos
1304 4171 1632 4229 transeunt,
1685 4158 2184 4235 quemadmodum
2234 4161 2385 4236 apud
