2925 4992
983 306 1493 371 sommum
2210 293 2331 373 ³49

159 466 228 523 ab
249 466 571 527 Aloanda>
592 467 872 525 nunciata
907 474 1098 535 erant,
1123 467 1521 529 deliberarunt
1547 484 1669 543 qua
1705 468 1933 527 ratione
1970 468 2195 529 bellum
2220 466 2326 527 ad-

161 546 558 613 ministrarent,
583 555 643 603 et
667 546 878 620 quibus
918 548 980 603 in
1017 547 1162 603 locis
1189 549 1351 605 sedes
1395 528 1533 605 beili
1580 556 1733 605 esset
1774 548 2101 607 statuenda.
2182 548 2353 615 Vicit,

160 627 442 693 sententia,
469 634 536 681 ut
573 625 1046 699 Thermopylarum
1054 624 1254 699 fauces
1273 627 1747 683 custodirentur.
1780 642 1917 683 nam
1942 635 2002 682 et
2026 627 2335 703 angustio-

161 720 236 759 res
263 704 358 760 has
385 722 508 761 esse
535 705 842 761 constabat
865 721 1042 779 quam
1069 705 1200 761 illas
1227 722 1328 778 per
1353 723 1501 779 quas
1522 723 1595 761 ex
1622 702 2015 761 Macedonia
2002 723 2073 761 ιιι.
2085 706 2335 763 'lbessa-

155 780 280 837 liam
303 783 598 848 transitur,
623 783 918 857 simulque
956 784 1256 857 propiores
1284 785 1376 841 hae
1403 792 1570 841 erant
1599 784 1853 856 ipsorum
1884 793 2083 841 ι8ιιι8.
2128 783 2337 841 callem

158 868 354 928 autem,
393 878 498 936 per
533 878 708 934 quem
749 862 964 917 deinde
1002 861 1228 917 factum
1267 872 1357 919 est
1403 872 1473 919 ut
1518 862 1991 935 interciperentur
2030 862 2219 919 Greci
2262 862 2341 919 ad

157 936 577 1015 Thermopylas,
605 956 678 995 ne
723 958 850 997 esse
891 940 1126 1015 quidem
1169 951 1482 1006 noverant,
1524 942 1861 1013 priusquam
1904 939 2361 1015 Thermopylas,

157 1016 376 1091 ingressi
421 1018 780 1075 resciverunt
823 1037 862 1075 a
907 1018 1254 1075 Trachiniis.
1335 1010 1743 1075 Deci-everunt
1787 1018 1992 1095 igitur,
2030 1019 2341 1078 custoditis

155 1094 256 1151 illis
279 1095 540 1153 faucibus
559 1096 886 1153 Barbarum
915 1097 1159 1155 introitu
1187 1098 1246 1153 in
1261 1100 1551 1155 Graeciam
1582 1098 1907 1190 prohibere,
1922 1098 2169 1155 classem
2201 1114 2341 1155 vero

156 1173 220 1231 ad
251 1174 618 1233 Artemisium
665 1183 832 1232 terrm
871 1176 1260 1233 Histiaeotidis
1305 1177 1558 1233 mittere.
1638 1176 1798 1233 Nam
1838 1176 2035 1234 vicina
2076 1176 2343 1233 interae
2276 1194 2353 1233 se.-

155 1260 276 1307 sunt
297 1254 405 1311 ista
427 1256 578 1320 loca,
609 1262 678 1309 ut
711 1255 854 1327 quid
879 1254 1192 1329 utrobique
1229 1266 1473 1330 geratur
1499 1254 1671 1311 facile
1696 1256 1979 1331 cognosci
2007 1256 2227 1329 possit·
2210 1298 2229 1327 ,
2276 1263 2341 1313 et

155 1329 395 1389 locorum
423 1334 549 1389 haec
579 1333 728 1388 ratio
755 1341 860 1389 est.

179 1413 343 1467 176,
379 1412 736 1467 Artemisium
769 1430 844 1469 ex
883 1419 1083 1486 aperto
1127 1410 1278 1471 mari
1321 1414 1609 1473 Thracico
1654 1414 1714 1469 in
1760 1420 2073 1491 angustum
2120 1412 2335 1471 fretum

153 1497 456 1547 coarctatur
455 1490 650 1564 ,¹quod
679 1501 769 1547 est
795 1492 950 1547 inter
973 1491 1276 1549 Sciathum
1301 1494 1559 1549 insulam
1586 1502 1647 1551 et
1668 1494 2071 1551 continentem
2090 1492 2339 1567 Magne·
2314 1516 2353 1536 ··

155 1566 272 1625 aasz:
314 1570 449 1626 iude
487 1570 796 1644 angustias
837 1570 966 1625 illas
1007 1571 1224 1643 excipit
1251 1574 1601 1627 Artemisium
1642 1572 1799 1627 littus
1823 1570 2087 1635 Euhoeoe,
2116 1571 2177 1625 in
2218 1588 2339 1644 quo

153 1654 230 1701 est
252 1648 568 1705 Artemidos
603 1646 866 1720 (Dianoe)
899 1650 1260 1723 templum.
1288 1650 1491 1707 Fauen
1529 1657 1729 1707 autem
1770 1649 1909 1715 inae.
1940 1666 2043 1723 per
2073 1666 2217 1721 quas
2260 1667 2335 1705 ex

152 1722 453 1783 Trachine
439 1745 498 1783 ιιι
519 1726 810 1783 Groeciam
837 1735 924 1783 est
946 1728 1244 1793 introitus,
1262 1728 1368 1785 ubi
1389 1729 1829 1801 angustissimae
1848 1735 2015 1792 sunt,
2034 1744 2151 1784 non
2180 1727 2339 1785 ultra

153 1802 492 1862 dimidiatum
533 1805 836 1879 plethrum
869 1806 1326 1893 (quinquaginta
1365 1806 1567 1880 pedes)
1606 1815 1820 1881 patent
1905 1806 2033 1863 Nec
2074 1824 2211 1863 vero
2252 1806 2353 1867 ibi.

153 1884 584 2019 Ἑμειίεείιισιιιιε
626 1884 790 1941 locus
841 1886 1101 2020 uniinSi
1150 1880 1326 1953 hujus
1372 1895 1591 2021 tmen?
1632 1895 1743 1950 est,
1725 1885 1873 2020 ,spld
1914 1893 2051 1941 ante
2094 1896 2152 1939 et
2202 1894 2351 1958 post.

231 1975 330 2017 erm
491 1980 519 2018 ,ι
597 1980 734 2027 nam
817 1978 880 2019 ro
1095 1980 1259 2030 enos,
1331 1981 1390 2020 ιιι
1429 1982 1539 2021 suu
1712 1966 1794 2021 ti
1844 1980 1927 2032 as,
1964 1964 2195 2023 nonnisi
2226 1964 2339 2021 uni

151 1980 674 2111 agendgpgehimllo
715 1980 814 2097 ιιὲ
845 1980 1397 2116 pffet.pru1·susgue
1437 2053 1577 2100 ante
1608 1982 2067 2135 qogermopylas,
2102 2042 2203 2099 ubi
2246 2049 2353 2098 est.

151 2114 374 2175 Phoenix
419 2120 606 2185 ritus,
650 2135 830 2193 prope
875 2120 1188 2179 Anthelam
1231 2123 1545 2196 oppidum,
1590 2141 1707 2179 non
1756 2122 1869 2177 nisi
1912 2122 2015 2177 uni
2061 2120 2337 2179 vehiculo

151 2204 290 2285 patet
325 2199 450 2257 iter.
527 2197 622 2255 Ab
649 2199 947 2257 occidente
973 2216 1111 2255 vero
1137 2199 1667 2274 Thermopylarum
1706 2217 1875 2257 mons
1904 2208 1991 2257 est
2034 2199 2333 2290 praealtus,

151 2274 450 2335 inaccessus
482 2286 948 2353 praeruptusque,
973 2278 1044 2333 ad
1071 2278 1280 2335 OEtam
1328 2280 1616 2336 tendens·
1664 2278 1739 2334 ab
1776 2277 2001 2333 oriente
2030 2294 2169 2333 vero
2198 2277 2359 2347 vise„

150 2369 290 2411 mare
314 2365 484 2413 estet
511 2356 772 2431 paludes.
829 2357 976 2411 Sunt
1003 2364 1198 2411 autem
1232 2358 1290 2411 in
1319 2357 1414 2412 his
1444 2354 1711 2413 faucibus
1736 2373 1905 2429 aquae
1932 2355 2157 2419 calidae,
2186 2372 2335 2428 quas

153 2430 376 2503 Chytros
407 2437 492 2511 [id
535 2440 650 2501 est,
680 2433 928 2523 Lebetes]
961 2434 1166 2491 incolae
1190 2443 1440 2505 vocant3
1486 2454 1663 2507 supra
1692 2451 1843 2509 quas
1876 2450 1977 2491 ara
2016 2442 2207 2489 erecta
2242 2439 2335 2489 est

151 2506 540 2570 Herculi.1n
589 2500 758 2569 hisce’
789 2512 1086 2569 faucibus
1099 2520 1469 2571 constructus
1510 2526 1633 2570 erat
1676 2528 1899 2576 murus,
1929 2512 1987 2569 in
2032 2529 2151 2586 quo
2186 2510 2333 2569 olim

146 2597 296 2659 porta
315 2592 524 2650 fuerat.
604 2592 844 2649 Murum
888 2591 1054 2647 illum
1082 2591 1414 2649 Phocenses
1443 2600 1857 2649 exstruxerant
1896 2600 2055 2652 metu
2086 2590 2335 2649 'limessa-

142 2664 333 2737 lorum,
369 2674 470 2745 qui
535 2688 609 2727 ex
649 2669 998 2744 Thesprotia
1041 2679 1342 2737 venerant,
1387 2680 1599 2729 terram
1648 2670 1947 2728 AEolidem
1996 2669 2337 2735 habitaturi,

143 2760 300 2817 quam
325 2768 484 2809 nunc
521 2749 837 2824 possident.
918 2750 1118 2810 Quum
1152 2751 1304 2805 enim
1332 2746 1390 2805 id
1416 2759 1657 2824 agerent
1683 2747 1971 2817 Thessali,
1995 2756 2065 2805 ut
2091 2748 2149 2804 vi
2171 2747 2335 2805 subi-

147 2838 332 2898 gerent
353 2830 705 2893 Phocenses,
735 2845 904 2883 muro
946 2829 1058 2883 isto
1083 2835 1382 2884 exstructo
1422 2828 1488 2883 hi
1528 2830 1636 2885 sibi
1678 2838 2115 2901 proecaverunt:
2160 2836 2341 2901 atque

115 2918 133 2941 ⁰
149 2904 304 2963 etiam
331 2908 392 2964 in
417 2910 606 2973 viam,
635 2922 754 2981 qua
779 2906 1016 2963 transitu
1026 2924 1076 2973 r,
1105 2906 1350 2963 calidam
1396 2924 1613 2980 aquam
1636 2906 1992 2970 derivarunt,
2022 2922 2138 2979 quo
2162 2922 2335 2974 vora-

147 2983 371 3055 ginosus-
393 2988 562 3043 fieret
597 2986 796 3053 locus;
841 2984 1128 3059 quidlibet
1169 2986 1602 3050 machinantes,
1632 3002 1703 3040 ne
1730 2984 1789 3040 in
1815 2991 2029 3039 terram
2056 2998 2226 3039 suam
2248 2982 2333 3039 ir·
2306 3012 2343 3029 -ι

148 3075 462 3136 rumperent
489 3065 781 3121 Thessali.
861 3064 1074 3121 Murus
1113 3064 1296 3138 igitur
1338 3064 1438 3119 ille
1478 3063 1810 3137 antiquitus
1834 3068 1959 3117 erat
1992 3060 2333 3126 aedificatus,

147 3146 282 3197 tuac
291 3160 428 3201 vero
451 3138 666 3213 majori
693 3159 766 3198 ex
804 3149 970 3216 parte
1007 3150 1304 3199 corruerat
1327 3150 1637 3199 vetustate.
1715 3138 1905 3197 Graeci
1932 3148 2129 3195 autem
2160 3139 2332 3195 resti-

147 3223 290 3275 tuere
313 3240 450 3279 eum
473 3223 878 3286 decreverunt,
909 3229 966 3276 et
993 3221 1078 3277 ibi
1103 3220 1430 3279 Barbarum
1456 3220 1697 3277 introitu
1724 3218 1969 3277 Graeciae
2010 3214 2338 3291 prohibere.

145 3295 305 3357 Abest
341 3310 540 3357 autem
585 3300 848 3373 proxime
873 3318 906 3355 a
933 3300 1030 3355 via
1057 3298 1244 3367 vicus,
1275 3300 1513 3357 nomine
1538 3298 1785 3374 Alpeni:
1829 3314 1903 3353 ex
1928 3314 2047 3371 quo
2084 3296 2167 3355 rei
2206 3296 2331 3355 fru-

146 3380 426 3437 mentariae
452 3380 782 3471 prqspicere
810 3386 1155 3435 statuerunt.

203 3458 516 3521 ‚1⁷7.Haec
541 3458 738 3531 itaque
757 3459 888 3514 loca
914 3456 1066 3515 haud
1091 3456 1271 3513 dubie
1287 3462 1628 3545 opportuna
1648 3457 1765 3513 illis
1790 3451 1915 3512 visa
1934 3461 2129 3513 erant·
2156 3460 2335 3529 atque

145 3533 294 3602 adeo,
289 3536 564 3611 provisis
591 3536 764 3607 rebus
790 3535 1084 3601 omnibu8‚
1114 3544 1448 3608 reputantes
1476 3552 1587 3591 nec
1613 3534 1995 3592 multitudine
2024 3533 2349 3591 hominum·

145 3611 216 3666 ibi
233 3616 322 3671 uti
352 3632 526 3690 posse
553 3615 862 3679 Barbaros,
887 3620 998 3671 'nec
1017 3615 1299 3687 equitatu,
1319 3614 1583 3686 excipere
1608 3613 1825 3695 ibidem
1856 3598 2136 3685 impetum
2167 3612 2335 3667 inva-

144 3690 318 3749 dentis
367 3695 660 3751 Graeciam
713 3694 900 3750 hostis
949 3693 1346 3749 decreverunt.
1434 3693 1753 3765 Quumque
1794 3682 2219 3762 cognovissent
2272 3690 2333 3745 iu

143 3767 318 3829 Pieria
351 3792 480 3831 esse
508 3772 766 3836 Persam,
795 3772 1038 3846 pedibus
1071 3771 1170 3827 alii
1212 3770 1456 3844 profecti
1496 3778 1635 3829 sunt
1658 3772 1731 3827 ad
1760 3769 2207 3842 Thermopylas,
2235 3766 2339 3825 alii

147 3850 280 3905 mari
303 3852 374 3907 ad
403 3851 803 3909 Artemisium.

215 3933 341 3986 178.
379 3931 550 3987 Dum
575 3930 658 3987 ita
685 3931 896 3996 Groeci,
926 3930 1197 3987 bifariam
1227 3927 1419 3994 divisi,
1451 3902 1756 3987 occurrere
1796 3926 1947 3983 hosti
1994 3931 2328 3993 maturant,

141 4003 358 4067 interim
380 4009 769 4083 Delphenses,
787 4016 848 4065 et
863 4002 986 4065 sibi
1009 4017 1072 4065 et
1094 4008 1338 4065 Graeciae
1364 4009 1665 4073 timentes,
1688 4005 1863 4063 deum
1890 4003 2338 4063 consuluerunt.

142 4081 566 4161 Redditumque
590 4084 683 4144 his
709 4094 798 4143 est
823 4092 1237 4159 responsum,‘
1249 4087 1557 4173 ‘precibus
1582 4088 1849 4159 votisque
1873 4081 2175 4156 placarent
2192 4100 2335 4139 ven-

143 4166 322 4239 ’Ἶσις
342 4168 454 4227 hos
461 4166 634 4228 enim
645 4166 1154 4243 maguoeGrmciae
1167 4160 1655 4237 foreuljutoress·
1680 4163 1753 4225 ld
1768 4169 2071 4237 acceptum
2088 4177 2339 4237 respon--
