2925 4992
1062 281 1437 346 URANIA.
1509 292 1516 299 “
1784 295 1796 305 ·
2235 290 2354 350 375

171 440 493 579 multgbque
516 450 953 518 oppresserunt,
978 448 1041 501 et
1064 460 1141 501 ex
1164 442 1421 503 Pronaeae
1454 440 1580 501 oede
1619 439 1844 501 elamor
1879 448 1940 499 et
1975 440 2240 503 ululatus
2266 450 2357 501 est

171 538 305 577 exau
344 522 481 580 itus.

236 603 326 657 38.
368 600 604 661 Quibus
645 600 823 659 simul
868 600 1283 667 incidentibus,
1337 609 1526 657 terror
1573 600 1848 659 Barbarie
1897 606 1988 657 est
2037 600 2350 657 incussus:

165 694 299 751 quos
322 678 429 733 ubi
470 679 679 755 fugam
730 696 1025 755 capessere
1069 678 1435 752 Delphenses
1475 680 1913 746 intellexerunt,
1941 678 2358 735 descendentes

164 757 231 811 de
252 764 451 813 monte
488 772 771 833 magnam
812 758 1049 815 illorum
1090 766 1345 832 stragem
1374 757 1638 826 edidere,
1686 759 1896 832 reliqui
1937 774 2078 813 vero
2107 766 2264 813 recta
2289 758 2358 813 in.

164 832 449 891 Boeotiam
489 838 901 924 profugerunt.
992 835 1403 893 Memor-arunt
1440 843 1660 903 autem,
1687 846 1756 893 ut
1793 854 1910 913 ego
1949 836 2166 907 accepi,
2195 836 2262 891 hi
2285 852 2360 891 ex

164 913 431 969 Barbaris
466 909 571 986 qui
607 914 929 981 redierunt,
958 920 1169 988 praeter
1206 912 1320 970 ista
1356 930 1421 971 se
1459 914 1575 969 alia
1618 915 1796 971 etiam
1821 921 2052 972 ostenta
2077 914 2357 969 divinitus

164 992 335 1047 missa
356 992 605 1047 vidisse.
634 1010 886 1085 namque
902 992 1049 1049 duos
1070 1004 1345 1057 armatos,
1368 987 1624 1061 maiores
1647 1010 1826 1066 quam
1849 1010 1954 1067 pro
1976 984 2238 1049 humana
2255 1008 2358 1049 na-

161 1077 309 1134 tura,
336 1070 451 1125 sibi
472 1070 773 1141 institisse,
802 1079 1215 1145 persequentes
1240 1070 1574 1145 caedemque
1597 1071 1898 1129 facientes.

236 1150 333 1207 39.
376 1148 527 1205 Istos
552 1150 695 1215 duo,
725 1151 891 1206 aiunt
914 1148 1303 1222 Delphenses,
1332 1148 1644 1223 indigenas
1670 1150 1852 1207 fuisse
1891 1148 2115 1217 heroas,
2143 1120 2358 1225 Hyla·

161 1244 295 1283 cum
328 1241 389 1283 et
415 1225 781 1295 Autonoum,
810 1244 1063 1301 quorum
1104 1226 1247 1284 fana
1286 1236 1425 1285 sunt
1469 1229 1530 1284 in
1573 1228 1794 1302 templi
1821 1228 2076 1286 vicinia·
2055 1270 2074 1300 ‚
2117 1226 2360 1301 Phylaci

162 1305 419 1380 quidem,
461 1306 779 1363 secundum
822 1308 1013 1381 ipsam
1065 1306 1247 1371 viam,
1290 1322 1470 1380 supra
1509 1304 1770 1393 Pronaeae
1815 1308 2038 1377 aedem,
2097 1306 2358 1362 Autonoi

161 1400 315 1451 vero,
344 1400 525 1457 prope
551 1384 869 1441 Castaliam
902 1385 1013 1441 sub
1040 1382 1353 1456 Hyampeo
1390 1380 1711 1441 cacumine.
1771 1382 1940 1443 Saxa
1977 1392 2195 1450 autem,
2223 1402 2358 1462 quse

158 1462 231 1519 de
274 1462 557 1519 Parnasso
598 1463 953 1530 deciderant,
984 1463 1061 1519 ad
1106 1471 1365 1519 nostram
1414 1479 1602 1535 usque
1645 1469 1880 1521 atatem
1921 1460 2358 1537 superfuerunt,

159 1542 221 1595 in
254 1557 397 1615 agro
424 1540 713 1597 Minervae
758 1540 1020 1597 Pronaeae
1058 1556 1223 1596 sacro
1242 1538 1533 1610 jacentia·
1518 1582 1536 1611 ,
1583 1541 1644 1596 in
1685 1558 1887 1615 quem,
1915 1553 2227 1615 postquam
2255 1557 2360 1615 per

156 1618 449 1675 Barbaros
473 1618 753 1677 devoluta
772 1627 933 1685 sunt,
958 1617 1368 1677 incubuerunt.
1448 1618 1574 1675 Isto
1597 1618 1780 1693 igitur
1803 1621 1982 1678 modo
2007 1620 2072 1677 hi
2089 1618 2360 1676 homines

156 1714 193 1753 a
220 1696 497 1769 Delphico
524 1698 723 1772 templo
748 1698 1151 1755 discesserunt.

158 1776 165 1783 “
234 1780 333 1833 40.
371 1774 411 1830 J
412 1794 511 1833 am
554 1777 741 1833 elassis
786 1777 1117 1841 Groecorum,
1146 1775 1223 1831 ab
1267 1732 1582 1833 Artemisio
1621 1775 1907 1849 profecta,
1935 1782 2146 1851 rogatu
2171 1776 2356 1835 Athe-

156 1853 453 1913 niensium
476 1854 553 1911 ad
580 1854 939 1912 Salaminem
982 1854 1223 1928 adpulit.
1304 1852 1385 1910 Et
1410 1853 1524 1913 hoc
1547 1855 1785 1927 quidem
1827 1856 2078 1913 consilio
2114 1856 2360 1915 Atheni-

153 1948 324 1989 enses
348 1950 385 1989 a
408 1932 605 1999 sociis,
631 1942 703 1991 ut
724 1934 797 1989 ad
828 1930 1119 1989 Salamina
1142 1932 1522 2005 adpellerent,
1549 1943 1919 2009 rogaverant,
1948 1940 2018 1991 ut
2053 1934 2167 2006 ipsi
2203 1934 2356 1991 libe·-

154 2028 253 2068 ros
278 2016 340 2070 et
364 2027 577 2069 uxores
622 2029 695 2069 ex
718 2012 915 2070 Attica
954 2017 1286 2084 exportatos
1328 2010 1391 2068 in
1432 2019 1566 2068 tuto
1585 2011 1872 2079 locarent,
1901 2018 1964 2069 et
2003 2028 2178 2085 porro
2215 2013 2358 2086 quid

154 2090 269 2145 sibi
294 2088 627 2147 faciendum
654 2096 808 2147 esset
830 2088 1237 2147 deliberarent.
1317 2088 1478 2147 Nam
1503 2106 1610 2163 pro
1637 2100 1919 2164 praesente
1957 2108 2152 2147 rerum
2177 2099 2361 2158 statu,

154 2184 345 2241 quum
382 2167 665 2241 opinione
690 2184 799 2225 sua
832 2175 1025 2227 essent
1062 2168 1353 2234 frustrati,
1380 2169 1694 2225 eonsilium
1735 2169 1962 2242 capturi
1983 2176 2171 2225 erant.
2247 2169 2360 2225 Et-

154 2246 319 2303 enim
346 2262 530 2319 quum
560 2247 993 2304 existimassent
1020 2264 1083 2303 se
1108 2246 1570 2319 Peloponnesios
1595 2262 1734 2303 cum
1759 2246 2244 2322 omnibus·copiis
2269 2264 2364 2303 re-

152 2332 427 2398 perturos
464 2340 590 2381 esse
636 2326 699 2381 in
737 2324 969 2381 Boeotia
1010 2323 1381 2381 subsidentes
1418 2323 1614 2395 ibique
1641 2322 1968 2381 Barbarum
1995 2332 2362 2397 excepturos,

154 2400 309 2459 nihil
350 2402 562 2461 horum
607 2410 979 2477 repererant:
1024 2402 1124 2459 sed
1168 2402 1441 2459 certiores
1487 2408 1656 2458 erant
1697 2403 1857 2469 facti,
1883 2402 2174 2462 isthmum
2207 2402 2364 2472 illos,

151 2497 331 2539 muro
382 2481 751 2555 intercipere,
792 2490 853 2538 et
902 2480 1343 2554 Peloponnesus
1392 2488 1465 2539 ut
1507 2480 1672 2536 salva
1711 2480 1793 2537 sit
1835 2481 2092 2539 maxime
2137 2498 2364 2550 curare,

154 2560 435 2631 hancque
478 2559 791 2625 custodire,
832 2568 1039 2617 eaetera
1080 2560 1439 2619 omittentes.
1520 2558 1668 2617 Haee
1707 2575 1892 2632 quum
1935 2557 2374 2620 intellexissent

147 2638 569 2707 Athenienses,
594 2636 811 2697 idcirco
836 2638 1060 2705 socios,
1072 2645 1143 2695 ut
1162 2638 1243 2695 ad
1268 2637 1566 2697 Salamina
1591 2638 1867 2697 sisterent
1887 2637 2158 2705 classem,
2185 2654 2362 2715 roga-

152 2724 393 2775 verant.

232 2800 339 2851 41
362 2794 442 2853 Et
458 2794 667 2869 reliqui
682 2792 932 2871 quidem‘
936 2794 1007 2853 ad
1028 2794 1321 2853 Salamina
1338 2796 1716 2871 adpulerunt,
1741 2794 2118 2853 Athenienses
2131 2813 2277 2853 vero
2292 2796 2368 2853 ad

147 2874 437 2931 Atticam.
514 2876 651 2936 Quo
678 2875 783 2931 ubi
806 2891 1142 2949 pervenere,
1164 2876 1457 2948 praeconio
1481 2878 1808 2939 edixerunt,
1839 2880 1884 2905 “
1909 2891 2028 2949 quo
2054 2874 2186 2931 loco
2211 2876 2371 2949 quis-

154 2956 199 2984 “
228 2968 351 3025 que
377 2960 575 3026 posset
596 2953 1072 3019 Atheniensium,
1100 2970 1171 3024 eo
1203 2952 1419 3009 liberos
1446 2964 1509 3011 et
1534 2955 1823 3013 familiam
1855 2954 1914 3009 in
1959 2960 2094 3008 tuto
2133 2952 2371 3011 locaret.

150 3030 252 3087 Ibi
284 3039 431 3090 tunc
458 3031 722 3106 plerique
747 3028 1043 3089 Troezena
1064 3048 1169 3097 eos
1206 3032 1520 3099 miserunt,
1549 3033 1650 3091 alii
1673 3048 1814 3107 vero
1841 3030 1903 3087 in
1933 3027 2241 3105 AEginam‚
2265 3030 2370 3087 alii

90 3164 101 3176 ,
152 3110 479 3167 Salamina.
556 3108 956 3183 Properarunt
994 3118 1195 3168 autem
1234 3126 1375 3167 suos
1414 3126 1636 3186 suaque
1675 3116 1842 3167 extra
1865 3108 2120 3166 Atticam
2147 3108 2374 3166 intuto

146 3188 375 3253 locare,
405 3188 615 3261 partim
640 3187 865 3251 oraculi
892 3188 1169 3245 mandato
1194 3186 1600 3262 obtemperare
1639 3188 1965 3262 cupientes,
1994 3187 2232 3261 partim,
2263 3204 2372 3245 nec

146 3265 429 3332 minime,
456 3266 567 3323 hac
594 3266 669 3323 de
693 3282 917 3324 caussa.
996 3266 1219 3323 Dicunt
1242 3266 1649 3335 Athenienses,
1674 3269 1980 3342 ingentem
2019 3272 2372 3340 serpentem,
2401 3270 2408 3277 '

147 3345 311 3401 arcis
352 3344 680 3411 custodem,
708 3344 927 3406 versari
972 3344 1033 3401 in
1078 3345 1303 3417 templo
1322 3360 1341 3399 ι
1382 3364 1490 3403 nec
1512 3364 1654 3403 vero
1699 3344 1756 3402 id
1805 3344 2120 3418 perhibent
2157 3344 2374 3410 solum,

146 3423 261 3479 sed
308 3423 489 3479 etiam
531 3430 837 3498 tamquam
885 3440 947 3479 re
984 3440 1125 3481 vera
1165 3421 1253 3478 ibi
1288 3426 1549 3483 versanti
1593 3432 1900 3481 menstrua
1947 3440 2108 3479 sacra
2145 3422 2379 3479 faciunt

153 3502 593 3574 adponuntque
622 3524 635 3558 ε
679 3508 771 3558 est
812 3508 1011 3559 autem
1056 3508 1431 3561 menstruum
1471 3504 1844 3568 sacrificium,
1893 3500 2164 3575 placenta
2199 3502 2380 3558 melle

150 3578 425 3637 condita.
501 3580 651 3637 Haec
674 3580 967 3654 placenta,
994 3596 1181 3653 quum
1222 3582 1622 3653 superioribus
1645 3581 2010 3655 temporibus
2037 3586 2380 3641 constanter

143 3666 479 3715 consumta
502 3658 735 3724 fuisset,
760 3666 903 3715 tunc
930 3658 1151 3717 intacta
1176 3666 1321 3715 erat.
1404 3660 1580 3721 Quod
1603 3661 1707 3717 ubi
1733 3658 2084 3734 significavit
2109 3658 2379 3715 antistita

146 3737 400 3811 templi,
429 3744 594 3797 tanto
620 3737 816 3813 magis
850 3743 1029 3811 atque
1064 3737 1385 3793 studiosius
1421 3739 1630 3796 urbem
1655 3737 2029 3811 reliquerunt
2049 3735 2380 3791 Atheniens:

144 3833 269 3883 ses,
302 3816 466 3889 quod
514 3817 692 3873 etiam
738 3816 849 3872 dea
888 3833 1083 3873 arcem
1124 3812 1490 3874 deseruisset.
1573 3816 1920 3887 Exportatis
1953 3820 2152 3870 autem
2202 3813 2378 3873 rebus

144 3895 473 3961 omnibus,
500 3895 561 3951 in
587 3901 839 3969 tutoque
862 3892 1089 3960 locatis,
1116 3894 1189 3951 ad
1216 3902 1406 3952 castra
1428 3895 1804 3971 navigarunt.

230 3977 339 4031 42.
372 3974 725 4046 Postquam
736 3988 877 4058 vero
906 3972 1003 4028 isti
1042 3972 1117 4029 ab
1156 3972 1494 4031 Artemisio
1511 3976 1586 4036 ad
1627 3974 1914 4030 Salamina
1951 3941 2378 4030 constituerant

140 4050 439 4118 classem,
466 4058 706 4125 accepto
728 4045 869 4120 ejus
908 4050 992 4106 rei
1030 4050 1253 4109 nuncio
1292 4052 1530 4126 reliqua·
1577 4054 1756 4109 etiam
1803 4052 2036 4105 nauticoe
2059 4042 2385 4116 Gneeorum

142 4132 325 4205 copiae
368 4128 579 4189 eodem
618 4125 1043 4197 confluxerunt,
1056 4129 1358 4191 ·'lroezene
1392 4130 1692 4207 profectae.
1771 4128 2065 4187 Edictum
2077 4129 2234 4187 enim
2263 4128 2380 4195 illis
