2925 4992
572 344 652 399 90
1144 322 1646 403 Hauon-ori
1692 332 2062 396 Hls'rou„
2115 336 2199 395 11.

571 496 907 557 inferiorem
928 506 1129 554 movet
1149 498 1474 559 maxillam,
1494 496 1593 552 sed
1617 514 1690 553 ex
1703 494 1980 552 omnibus
1995 494 2139 552 item
2161 488 2570 553 animantibus
2585 506 2790 551 unum

574 587 664 637 est
704 578 855 653 quod
899 579 1255 653 superiorem
1294 574 1599 631 maxillam
1642 576 1950 651 admoveat
1983 573 2264 631 inferiori.
2343 572 2546 631 Habet
2579 578 2787 628 autem

574 674 810 733 ungues
856 656 1150 722 robustOS,
1180 663 1238 711 et
1265 664 1461 711 cutem
1510 661 1964 727 squammatam,
1993 670 2127 727 quae
2163 654 2224 709 in
2267 660 2438 727 tergo
2479 652 2790 725 perrumpi

575 745 694 793 non
724 742 930 811 potest.
1013 734 1084 789 In
1112 750 1264 808 aqua
1289 733 1524 807 quidem
1553 750 1741 788 caecus
1783 740 1892 798 est,
1918 733 1978 788 in
2003 750 2134 789 aere
2161 750 2302 788 vero
2345 731 2788 805 perspicacissi-

576 832 734 871 mus.
819 816 1021 875 Quum
1052 814 1235 888 igitur
1261 813 1322 867 in
1350 828 1500 885 aqua
1527 811 1726 886 degat,
1765 828 1830 867 os
1857 812 2018 867 intus
2060 811 2366 885 oppletum
2409 810 2588 865 habet
2615 810 2790 865 hiru-

571 892 828 950 dinibus.
910 892 943 947 J
950 910 1045 948 am
1068 892 1197 947 aliae
1219 890 1453 967 quidem
1495 906 1630 946 aves
1655 897 1716 945 et
1738 889 1940 945 bestiae
1965 888 2135 945 illum
2163 890 2442 965 fugiuntt
2485 904 2625 944 cum
2657 894 2787 944 tro-

573 972 729 1029 chilo
758 980 957 1027 autem
1011 986 1209 1044 pacem
1260 970 1420 1035 colit,
1466 969 1686 1043 quippe
1725 968 1827 1042 qui
1865 968 2074 1024 utilem
2126 969 2181 1024 ei
2217 984 2458 1042 operam
2503 974 2786 1041 praestatz

572 1067 713 1107 nam
745 1058 1057 1124 postquam
1082 1066 1150 1103 ex
1178 1066 1330 1121 aqua
1355 1049 1415 1104 in
1444 1056 1658 1105 terram
1681 1047 1823 1103 exiit
1849 1044 2172 1104 crocodilus
2188 1089 2206 1113 ‚
2228 1048 2426 1121 ibique
2451 1062 2554 1101 ore
2583 1046 2788 1102 hiante

570 1129 810 1185 recubat
839 1154 854 1199 3
910 1128 1093 1203 (quod
1123 1128 1307 1183 facere
1334 1126 1434 1183 ille
1462 1126 1808 1201 plerumque
1833 1132 2036 1181 contra
2077 1127 2397 1201 zephyrum
2423 1123 2790 1197 consuevit)

570 1217 703 1264 tum
734 1208 1011 1263 trochilus
1052 1207 1109 1261 in
1158 1223 1224 1261 os
1272 1202 1395 1277 ejus
1424 1224 1550 1262 sese
1588 1205 1910 1271 insinuans,
1941 1204 2244 1261 hirudines
2283 1205 2557 1274 devorat3
2603 1212 2786 1279 atque

572 1286 673 1342 ille
703 1286 810 1342 hac
839 1304 1013 1360 opera
1042 1286 1149 1341 sibi
1178 1284 1436 1358 praestita
1460 1284 1752 1360 gaudem,
1782 1284 2126 1357 neutiquam
2151 1283 2312 1339 laedit
2335 1283 2677 1340 trochilum.

654 1370 745 1420 69.
789 1364 938 1420 Sunt
966 1372 1159 1420 autem
1191 1364 1443 1436 crocodili
1466 1364 1595 1419 aliis
1615 1362 1917 1437 AEgyptiis
1940 1365 2112 1427 meri,-
2151 1363 2280 1419 aiiis
2319 1378 2442 1419 non
2483 1363 2652 1428 item,
2676 1360 2784 1431 'sed

460 1466 465 1471 ·
568 1443 633 1499 hi
661 1444 791 1499 illos
838 1452 906 1499 ut
950 1445 1145 1498 hostes
1173 1450 1615 1515 persequuntur.
1679 1441 1816 1502 §Qui
1863 1442 2016 1497 circa
2037 1440 2270 1497 Thebas
2293 1448 2356 1496 et
2379 1437 2651 1497 Moeridis
2692 1441 2784 1496 la-

570 1540 706 1579 cum
738 1523 1021 1587 habitant,
1052 1522 1114 1576 hi
1136 1522 1227 1576 vel
1256 1523 1515 1579 maxime
1541 1538 1732 1577 sacros
1757 1520 1892 1576 illos
1919 1520 2173 1575 ducunt:
2218 1526 2282 1575 et
2302 1520 2516 1576 horum
2539 1521 2794 1595 utrique

567 1618 764 1657 unum
806 1598 1062 1657 maxime
1104 1600 1459 1657 crocodilum
1509 1600 1699 1666 alunt,
1743 1614 1923 1655 manu
1971 1598 2205 1655 tractari
2250 1598 2566 1668 edoctum3
2611 1598 2782 1671 cujus

567 1682 808 1736 auribus
850 1681 1077 1735 inaures
1123 1696 1195 1734 ex
1236 1678 1384 1735 fusis
1426 1678 1725 1753 lapidibus
1766 1686 1826 1734 et
1866 1694 2010 1733 auro
2052 1678 2340 1743 inserunt,
2367 1685 2430 1733 et
2457 1680 2782 1735 anteriores

566 1758 744 1832 pedes
792 1759 978 1813 aureis
1020 1766 1230 1814 ornant
1276 1756 1558 1826 armilli53
1604 1756 1994 1830 demensoque
2033 1756 2185 1821 cibo,
2231 1772 2410 1830 quum
2457 1758 2778 1825 farinacea,

567 1845 698 1892 tum
728 1856 799 1893 ex
848 1838 1123 1901 victimiS,
1162 1836 1435 1891 eumdem
1477 1844 1748 1909 pascunt,
1796 1844 2066 1891 curantes
2114 1844 2186 1891 ut
2234 1850 2413 1909 quum
2447 1835 2782 1893 lautissime

567 1916 731 1971 vivat
751 1941 764 1983 ;
811 1916 1067 1987 denique
1091 1922 1391 1971 mortuum
1420 1910 1725 1979 condiunt,
1755 1922 1814 1969 et
1855 1928 2018 1971 sacro
2059 1913 2124 1969 in
2168 1914 2434 1988 sepulcro
2467 1916 2784 1989 sepeliunt.

570 1994 688 2054 Qui
738 2012 875 2049 vero
925 1995 1075 2048 circa
1103 1994 1534 2067 Elephantinen
1587 1992 1873 2060 habitant,
1912 1994 1976 2049 hi
2023 2008 2138 2049 non
2195 1993 2374 2049 modo
2415 2010 2538 2050 non
2581 2004 2785 2053 sacrus

567 2070 786 2126 habent
816 2072 1155 2136 crocodilos„
1189 2072 1287 2127 sed
1316 2080 1375 2127 et
1402 2090 1571 2127 carne
1599 2088 1801 2127 eorum
1835 2080 2165 2128 vescuntur.
2243 2070 2552 2128 Vocantur
2573 2074 2778 2143 autem

568 2150 645 2204 ab
672 2149 991 2227 JEgyptiis,
1026 2170 1139 2205 non
1170 2152 1443 2216 crocodili,
1486 2151 1584 2207 sed
1627 2152 1911 2224 champsae.
1996 2150 2303 2225 Crocodilus
2346 2152 2502 2206 enim
2535 2152 2620 2225 <id
2663 2154 2777 2218 est,

573 2228 834 2301 lacertas)
885 2230 1051 2285 lones
1089 2228 1221 2285 illos
1263 2231 1658 2293 nominarunt,
1689 2232 1940 2285 formam
1969 2230 2210 2286 illorum
2235 2230 2608 2288 conferentes
2635 2240 2778 2289 cum

564 2304 818 2373 lacer-tie,
850 2324 978 2381 quoe
1003 2308 1155 2381 apud
1186 2308 1318 2364 illos
1344 2305 1407 2363 in
1440 2310 1704 2364 maceriis
1732 2316 2050 2364 versantur.
2619 2305 2623 2309 ’

642 2392 739 2447 70.
790 2386 1013 2443 Venatio
1042 2388 1431 2443 crocodilorum
1472 2386 1678 2443 multis
1725 2394 1900 2461 atque
1945 2387 2123 2442 variis
2163 2386 2354 2447 modis
2396 2378 2778 2447 instituiturt

565 2480 815 2539 quorum
856 2482 969 2541 ego
1012 2466 1202 2532 illum,
1231 2466 1334 2539 qui
1383 2468 1639 2521 maxime
1685 2466 1833 2522 mihi
1875 2474 2206 2521 memoratu
2249 2466 2468 2542 dignus
2513 2468 2777 2537 videtur,

564 2557 875 2616 exponam.
959 2542 1089 2600 Suis
1111 2553 1332 2619 tex-gne,
1358 2562 1463 2617 pro
1493 2562 1624 2601 esca
1645 2546 1822 2602 hamo
1844 2544 2152 2611 insertum,
2177 2545 2238 2600 in
2260 2546 2520 2603 medium
2544 2546 2776 2605 flumen

562 2616 823 2678 demittit
843 2628 1082 2678 venator
1105 2640 1117 2678 ε
1152 2623 1351 2696 ipsein
1374 2625 1498 2697 ripa
1519 2623 1775 2679 fluminis
1798 2624 1998 2678 vivum
2023 2622 2202 2678 habet
2221 2624 2566 2697 porcellum,
2591 2643 2777 2699 quem

562 2700 718 2756 ferit.
800 2692 1167 2767 CrocodiluS,
1198 2700 1397 2756 audita
1422 2718 1592 2767 voce,
1623 2702 1694 2757 ad
1725 2697 1852 2772 ejus
1880 2718 2099 2757 sonum
2125 2702 2420 2775 adcurrit3
2465 2704 2529 2759 in
2559 2712 2782 2781 tergun

562 2794 705 2834 vero
748 2780 864 2834 suis
904 2779 1195 2846 incidens,
1240 2780 1388 2835 illud
1435 2780 1724 2856 deglutit3
1769 2796 2026 2853 moxque
2069 2780 2131 2835 in
2181 2792 2394 2838 terram
2436 2786 2774 2843 attrahitur.

558 2855 881 2935 Postquam
928 2860 986 2913 in
1034 2866 1247 2914 terram
1292 2866 1586 2915 extractus
1625 2868 1736 2926 est,
1779 2860 2038 2933 primum
2077 2859 2349 2915 omnium
2393 2863 2598 2918 oculos
2641 2861 2774 2935 ejus

558 2934 689 2991 Iuto
712 2936 919 2992 oblinit
946 2945 1191 2993 venator
1219 2960 1232 2994 :
1277 2956 1345 2993 eo
1371 2937 1550 3005 facto,
1571 2936 1744 2995 facile
1765 2937 2084 2995 admodum
2112 2938 2332 3013 reliqua
2353 2940 2736 3000 administrat
2749 2970 2770 3016 ς

562 3014 613 3071 si
642 3015 833 3071 facere
864 3034 980 3071 non
1012 3016 1223 3089 potuit,
1256 3016 1583 3073 difficulter.
1630 3065 1641 3076 .

578 3110 585 3117 ·
639 3100 739 3155 71.
780 3094 1177 3169 Hippopotami
1202 3096 1263 3151 in
1302 3094 1632 3169 Papremite
1670 3096 2021 3170 praefectura
2059 3096 2208 3152 sacri
2249 3096 2580 3172 habentur3
2629 3102 2774 3160 reli·

560 3173 689 3247 quis
718 3190 858 3228 vero
885 3174 1183 3247 AEgyptiis
1230 3192 1352 3229 non
1401 3184 1537 3229 sunt
1585 3176 1749 3231 sacri.
1833 3176 2066 3233 Horum
2104 3182 2314 3233 natura
2340 3184 2515 3253 atque
2543 3184 2772 3255 species

558 3252 695 3307 talis
737 3260 842 3307 cst.
939 3246 1288 3324 Quadrupes
1344 3253 1584 3319 animal,
1633 3254 1956 3321 bisulcum,·
2009 3254 2248 3329 ungulis
2300 3256 2554 3325 bovinis,
2611 3262 2774 3318 simo

558 3346 728 3396 naso,
753 3325 901 3399 juba
928 3331 1159 3405 equina,
1190 3329 1465 3386 dentibus
1495 3334 1992 3403 prominentibus,
2015 3333 2204 3389 cauda
2229 3343 2289 3392 et
2316 3353 2459 3393 voce
2500 3340 2728 3413 equina
2752 3367 2766 3408 ;

556 3406 965 3483 magnitudine
993 3406 1238 3464 maximi
1264 3410 1455 3481 tauri3
1505 3410 1662 3465 corio
1703 3412 1787 3468 ita
1826 3429 2038 3481 crass0,
2068 3419 2136 3468 ut
2178 3430 2250 3469 ex
2291 3416 2550 3473 arefacto
2578 3420 2770 3477 confi·

557 3486 791 3542 ciuntur
815 3486 1000 3560 polita
1018 3484 1234 3557 jacula.
2836 3487 2852 3509 ¹

569 3580 577 3589 ·
635 3568 731 3627 72.
772 3562 1123 3641 Gignuntur
1144 3568 1205 3622 in
1230 3566 1413 3622 fluvio
1458 3567 1637 3627 etiam
1668 3568 1846 3635 latres,
1876 3587 2020 3644 quas
2063 3588 2252 3629 sacras
2297 3572 2522 3631 ducunt
2553 3574 2772 3653 ·AEgy-

554 3644 683 3718 ptii.
761 3643 855 3700 Ex
880 3647 1109 3717 piscium
1139 3654 1335 3702 autem
1364 3646 1640 3701 universo
1667 3666 1879 3723 genere
1905 3666 2100 3706 sacros
2130 3658 2404 3724 reputant
2443 3670 2575 3710 esse
2621 3674 2770 3714 eum

554 3718 950 3799 qui-lepidotus
998 3734 1257 3790 vocatur,
1303 3734 1360 3779 et
1412 3726 1753 3797 anguillam:
1798 3744 1943 3801 quos
1996 3731 2180 3803 pisces
2227 3730 2360 3786 Nico
2404 3748 2588 3788 sacros
2633 3752 2774 3793 esse

555 3802 755 3871 aiunt3
801 3804 1059 3876 itemque
1090 3799 1161 3858 ‘ex
1188 3800 1387 3858 avium
1416 3820 1634 3875 genere
1662 3807 2017 3877 rzelpansereS.
2599 3836 2606 3841 ·

564 3892 569 3897 ·
632 3885 729 3945 73.
772 3878 879 3937 Est
918 3872 1127 3938 autem'
1159 3883 1335 3937 etiam
1379 3882 1496 3937 alia
1520 3885 1658 3938 'avis
1701 3902 1885 3951 sacra,
1915 3886 2012 3942 cui
2036 3904 2250 3945 nomen
2282 3888 2542 3961 phoenix‘:
2581 3907 2770 3967 quem

538 3972 668 4034 ‘ego
696 3959 933 4032 quidem
965 3978 1081 4016 non
1108 3958 1251 4025 vidi,
1282 3961 1395 4014 nisi·
1420 3961 1643 4033 pictum
1665 3987 1680 4031 3
1725 3980 1961 4037 perraro
1988 3966 2148 4023 enim
2175 3964 2508 4042 AEgyptum
2535 3970 2768 4037 visitat,

552 4038 785 4119 nonnisi
812 4057 883 4095 ex
902 4040 1381 4119 quingentorum,
1398 4046 1470 4095 ut
1495 4038 1872 4114 Heliopolitae
1893 4043 2078 4111 aiunt,
2099 4060 2384 4102 annorum
2402 4047 2726 4105 intervallo
2748 4074 2762 4106 ε

550 4108 789 4172 aduenit
816 4128 1013 4174 autem
1056 4126 1218 4182 tunc,
1264 4134 1446 4190 quum
1475 4124 1640 4191 pater
1679 4122 1808 4191 ejus
1852 4120 2017 4179 obiit.
2047 4140 2052 4145 ·
2098 4122 2467 4191 Est·autem,
2497 4127 2548 4182 si
2579 4129 2768 4186 modo

548 4194 775 4270 pictura
819 4198 973 4253 recte
1024 4192 1152 4267 ejus
1196 4196 1450 4253 formam
1490 4198 1685 4267 refert,
1730 4206 1932 4273 >tantus
1975 4208 2152 4277 atque
2195 4204 2366 4261 talis:
2422 4222 2767 4279 pennarum
