2925 4992
527 314 642 371 100
1083 302 1143 362 H
1157 298 1586 365 ERODOTI
1647 296 2013 363 Hls'ron.
2074 294 2159 359 11.

531 480 665 542 quae
691 469 831 521 ante
872 462 935 519 id
976 466 1209 536 tempus
1238 466 1365 520 tota
1400 459 1570 535 equis
1611 466 1674 519 et
1711 456 1990 532 plaustris
2015 460 2352 533 opportuna
2373 452 2596 525 tulerat,
2619 454 2737 517 hoc

534 542 847 603 commodo
872 548 1108 599 careret.
1187 539 1345 597 Nam
1374 539 1449 595 ab
1473 538 1578 595 illo
1599 545 1866 613 tempore
1889 537 2212 613 AEgyptus,
2240 542 2370 593 tota
2393 534 2532 593 licet
2555 536 2741 611 plana

529 632 593 681 et
618 621 981 694 campestria,
1006 619 1171 694 equis
1198 626 1257 675 et
1278 618 1550 691 plaustris
1577 616 1854 673 inhabilis
1873 615 2034 673 faeta
2053 622 2177 672 est:
2223 609 2392 685 cujus
2419 614 2504 671 rei
2525 630 2746 673 caussa

532 709 621 759 est
646 700 965 757 multitudo
1009 698 1324 761 fossarum,
1370 696 1550 753 variis
1587 695 1780 759 modis
1817 712 2022 767 omnes
2065 696 2147 763 in,
2171 701 2366 768 partes
2405 694 2745 763 ductarum.

531 780 871 854 Regionem
894 784 1094 835 autem
1116 777 1203 835 ita
1230 775 1401 831 fossis
1426 774 1658 831 discidit
1683 791 1786 831 rex
1804 773 1906 829 ille
1925 772 2034 829 hac
2057 790 2281 833 caussa.
2359 772 2748 847 Quicumque

533 877 609 917 ex
632 857 937 931 AEgyptiis
962 855 1179 929 oppida
1202 854 1546 911 habitabant
1583 870 1718 925 quse
1757 869 1884 909 non
1907 859 2049 909 sunt
2085 852 2158 909 ad
2197 848 2446 919 fluvium
2473 852 2612 919 sita,
2639 852 2746 927 sed

532 938 597 995 in
640 936 835 995 media
873 935 1145 1013 regione3
1190 932 1276 998 hi,
1304 939 1616 1007 postquam
1643 930 1878 989 recessit
1919 930 2115 997 Nilus,
2135 948 2306 1005 aquoe
2338 930 2537 1003 inopia
2571 928 2748 987 labo·

536 1021 755 1080 rantes,
784 1014 1025 1073 salsiore
1050 1021 1195 1087 potu
1216 1008 1311 1071 usi
1334 1019 1524 1077 erant,
1551 1026 1632 1068 ex
1658 1007 1848 1083 puteis
1886 1008 2115 1068 hausto.
2196 1006 2396 1082 Hujus
2425 1010 2508 1071 rei
2532 1020 2750 1069 caussa

537 1092 777 1151 discissa
802 1101 891 1147 est
910 1092 1227 1167 AEgyptus.
1274 1140 1283 1149 ,

621 1176 749 1230 109.
791 1170 975 1227 Porro
1015 1171 1171 1228 hunc
1212 1186 1433 1244 regem,
1456 1168 1708 1233 aiebant,
1735 1168 2072 1225 distribuisse
2099 1166 2366 1237 regionem
2393 1170 2537 1224 inter
2561 1185 2750 1225 omnes

535 1251 853 1325 AEgyptios,
879 1249 1241 1323 singulisque
1284 1256 1506 1303 sortem
1545 1247 1833 1321 aequalem
1873 1246 2099 1309 dedisse
2143 1246 2488 1319 quadratam
2513 1271 2530 1317 3
2577 1256 2644 1303 et
2669 1248 2748 1311 ab
2787 1316 2792 1319 ¹

535 1331 645 1387 hac
672 1335 829 1385 sorte
854 1328 1073 1383 reditus
1113 1327 1221 1383 sibi
1258 1326 1659 1392 constituisse,
1688 1327 1972 1396 imperato
1999 1323 2223 1381 tributo
2249 1325 2570 1399 quotannis
2601 1342 2748 1400 pen-

535 1408 749 1465 dendo.
829 1406 1005 1467 Quod
1044 1407 1093 1464 si
1136 1406 1209 1461 de
1232 1400 1565 1477 cujuspiam
1582 1411 1745 1462 ,sorte
1767 1401 2005 1473 fluvius,
2023 1401 2244 1474 aliquid
2265 1402 2671 1472 abstraxisset,
2699 1405 2749 1461 is

536 1504 739 1562 regem
764 1486 967 1543 adiens
992 1484 1283 1545 indicabat
1315 1484 1542 1542 factum
1565 1507 1583 1555 3
1629 1490 1688 1539 et
1723 1498 1845 1548 rex,
1873 1481 2068 1539 missis
2093 1480 2198 1553 qui
2231 1498 2354 1539 rem
2399 1490 2750 1555 praesentem

536 1566 913 1639 inspicerent,
954 1562 1738 1639 dimetirenturque-quanto
1779 1562 1973 1620 minor
2016 1560 2210 1616 factus
2249 1559 2430 1617 fuerit
2471 1578 2638 1636 ager,
2688 1562 2750 1621 in

539 1652 841 1719 posterum
866 1642 1073 1701 tributi
1096 1648 1325 1714 partem
1350 1658 1453 1713 pro
1481 1637 1748 1713 portione
1771 1638 2124 1704 remittebat.
2203 1638 2567 1714 Videtur-que
2593 1638 2754 1701 mihi

537 1742 613 1780 ex
639 1722 747 1779 hoc
775 1723 1015 1795 negotio
1053 1721 1301 1777 inventa
1336 1737 1464 1777 esse
1505 1721 1802 1791 geometria
1837 1718 1994 1793 apud
2020 1717 2360 1791 AEgyptios,
2389 1718 2648 1792 indeque
2673 1720 2760 1785 ad,

540 1802 777 1859 Grecos
805 1802 1123 1857 transiisse.
1178 1799 1237 1855 N
1240 1816 1337 1855 am
1368 1799 1584 1869 polum,
1601 1798 1842 1872 quidem
1865 1804 1928 1853 et
1952 1801 2318 1873 gnomonem
2349 1804 2409 1855 et
2431 1797 2749 1857 duodecim

538 1881 654 1939 diei
685 1886 876 1951 partes
904 1898 941 1933 a
964 1876 1311 1951 Babyloniis
1339 1876 1924 1951 Graeciacceperunt.
1957 1934 1968 1942 ,

623 1962 757 2014 110.
798 1956 965 2013 ldem
1009 1973 1111 2011 rex
1156 1955 1454 2021 SesostriS,
1501 1972 1654 2013 unus
1697 1972 1774 2011 ex
1811 1954 2064 2031 AEgypti
2113 1953 2374 2029 regibus,
2418 1954 2752 2030 AEthiopiae

538 2036 721 2095 etiam
762 2052 1009 2109 regnum
1052 2033 1331 2090 obtinuit.
1410 2034 1803 2091 Monumenta
1853 2044 2056 2091 autem
2099 2033 2194 2091 sui
2234 2033 2468 2106 reliquit
2517 2040 2750 2091 stamas

535 2114 797 2188 lapideas
848 2122 987 2169 ante
1036 2110 1287 2173 Vulcani
1330 2112 1620 2187 templum
1670 2112 1891 2185 positas
1910 2130 1928 2167 ι
1987 2129 2240 2185 quarum
2291 2112 2446 2180 duae,
2500 2113 2754 2188 triginta

538 2194 877 2252 cubitorum
902 2208 1167 2267 quaeque,
1197 2189 1379 2261 ipsius
1402 2198 1465 2247 et
1489 2191 1696 2249 uxoris
1714 2190 2048 2250 referebant
2071 2190 2399 2265 imagines-3
2445 2197 2578 2249 tum
2597 2209 2752 2266 qua-

538 2282 693 2337 tuor,
740 2270 954 2346 viginti
994 2269 1333 2327 cubitorum
1356 2286 1624 2344 quaeque,
1649 2269 1900 2327 totidem
1947 2286 2196 2327 numero
2233 2269 2512 2328 filiorum.
2589 2271 2754 2331 Ante

536 2352 645 2411 has
674 2358 895 2407 statuas
922 2365 1108 2423 quum
1136 2347 1329 2403 multo
1370 2356 1506 2419 post
1543 2356 1808 2422 tempore
1837 2348 2053 2405 Darius
2082 2348 2260 2405 Persa
2281 2348 2395 2405 sibi
2421 2346 2601 2407 vellet
2627 2357 2752 2407 sta·-

541 2439 711 2487 tuam
738 2446 978 2503 ponere,
1006 2427 1195 2485 vetuit
1219 2425 1478 2483 Vulcani
1517 2427 1811 2494 sacerdos,
1847 2428 2050 2485 dicens
2093 2433 2139 2459 “
2163 2444 2281 2484 non
2331 2427 2490 2484 edita
2521 2428 2600 2486 ab
2645 2428 2754 2487 illo

542 2516 584 2543 “
612 2526 741 2565 esse
763 2510 917 2565 facta
942 2506 1141 2579 qualia
1164 2502 1474 2563 a·Sesostri
1500 2506 1790 2580 AEgyptio
1817 2528 1830 2561 ε
1879 2505 2170 2563 Sesostrin
2195 2506 2357 2575 enim
2383 2524 2570 2580 quum
2603 2507 2754 2565 alias

536 2594 591 2621 κ
622 2596 834 2661 gentes
872 2585 1057 2641 nihilo
1088 2583 1185 2640 vel
1216 2583 1514 2655 pauciores
1564 2582 1660 2639 vel
1699 2584 2028 2651 inferiores,
2069 2602 2250 2659 quam
2287 2586 2432 2659 ipse,
2457 2593 2592 2643 tum
2609 2604 2756 2644 vero

544 2672 588 2699 “
616 2671 677 2723 et
706 2664 969 2738 Scythas,
988 2662 1319 2737 subegisse,
1330 2678 1488 2734 -quos
1511 2662 1732 2720 Darius
1757 2663 2032 2738 subigere
2047 2682 2172 2723 non
2200 2666 2498 2738 potuisset.
2549 2665 2756 2725 Quare

546 2751 589 2777 “
621 2758 741 2801 non
766 2760 895 2799 esse
918 2758 1176 2815 aequum,
1205 2748 1273 2797 ut
1298 2742 1622 2801 ante-illius
1656 2750 2043 2819 monumenta
2079 2750 2338 2809 statuam
2359 2750 2548 2817 ponat
2571 2744 2622 2801 is
2647 2745 2756 2818 qui

547 2830 587 2855 “
618 2821 775 2877 illius
828 2821 985 2877 facta
1034 2836 1155 2875 non
1206 2820 1550 2894 superarit.”
1645 2821 1942 2897 Aiuntque
1985 2822 2235 2879 Darium
2285 2822 2578 2889 sacerdoti
2623 2823 2762 2887 hoec,

543 2901 763 2957 dicenti
785 2899 1097 2975 ignovisse.
2565 2928 2576 2937 ·

628 2984 759 3035 111.
800 2977 1049 3037 Sesostri
1071 2975 1191 3033 vita
1228 2976 1460 3043 functo,
1487 2977 1743 3045 aiebant,
1773 2994 2020 3054 regnum
2058 2979 2383 3053 suscepisse
2409 2979 2600 3039 filium
2621 2980 2758 3051 ejus

542 3058 817 3117 Pheronz
876 3074 1131 3131 eumque
1184 3057 1415 3119 nullum
1466 3056 1722 3113 militare
1772 3057 2005 3115 facinus
2057 3059 2404 3131 praeclarum
2453 3058 2748 3131 edidisse3

544 3137 823 3195 accidisse
849 3136 1067 3209 quippe
1093 3136 1149 3191 ei
1172 3143 1245 3191 ut
1266 3152 1455 3191 caecus
1481 3134 1665 3201 fieret,
1691 3143 1752 3193 et
1769 3136 2002 3209 quidem
2031 3137 2108 3194 ob
2136 3137 2362 3197 factum
2377 3134 2756 3209 hujusmodi.

546 3218 753 3278 Quum
778 3212 1001 3271 flumen
1026 3231 1099 3269 eo
1126 3222 1389 3287 tempore
1406 3214 1880 3286 copiosissimum
1899 3214 2298 3283 descendisset
2321 3216 2394 3273 ad
2413 3216 2756 3275 octodecim

546 3294 767 3368 pedum
812 3291 1204 3358 altitudinem,
1259 3306 1616 3365 camposque
1673 3292 2030 3362 inundasset,
2071 3295 2390 3370 ingruente
2427 3302 2608 3353 vento
2653 3296 2756 3353 in-

548 3379 761 3447 gentes
785 3370 999 3428 fluctus
1026 3369 1177 3426 ciere
1203 3370 1423 3427 flumen
1452 3367 1646 3445 coepit.
1726 3370 1820 3429 Ibi
1862 3380 2002 3429 tunc
2043 3391 2246 3449 regem
2268 3375 2452 3443 hunc,
2483 3374 2773 3449 improba·

546 3450 795 3507 vesania
832 3448 1494 3521 correptum,„sumsisse
1519 3449 1841 3522 spiculum,
1869 3452 2268 3516 etin-medios
2307 3450 2572 3521 fluminis
2611 3470 2762 3529 gur-

548 3530 703 3605 gites
730 3523 1081 3597 conjecisse:
1126 3528 1263 3585 dein
1290 3528 1564 3601 protinus
1588 3528 1775 3585 oculis
1799 3520 2042 3603 coepisse
2081 3530 2372 3599 laborare,
2397 3548 2762 3607 prorsusque

551 3624 725 3669 usum
766 3608 1078 3663 oculorum
1124 3606 1405 3663 amisisse.
1485 3606 1804 3680 Postquam
1841 3608 2044 3671 decem
2083 3610 2253 3673 annis
2291 3628 2478 3674 caecus
2519 3609 2760 3681 finisset,

550 3686 857 3746 advenisse
882 3685 957 3751 ei,
986 3684 1295 3743 undecimo
1332 3702 1518 3751 nnnc,
1555 3703 1630 3743 ex
1673 3686 1828 3743 Buto
1867 3688 2084 3762 oppido
2121 3689 2348 3749 oraculi
2383 3706 2763 3764 responsum,

550 3772 596 3799 “
622 3772 897 3825 exactum
918 3780 1045 3819 esse
1072 3763 1309 3819 mulctes
1334 3772 1610 3835 tempus;
1654 3766 1961 3823 oculorum
1999 3784 2177 3825 usum
2213 3776 2590 3841 recepturum
2615 3786 2762 3829 eum

552 3850 596 3879 “
622 3860 773 3909 esse,
800 3844 849 3900 si
876 3842 1079 3899 oculos
1119 3842 1357 3899 eluisset
1377 3842 1526 3897 lotio
1551 3843 1834 3909 mulieris,
1863 3862 1994 3915 quae
2029 3864 2150 3904 non
2189 3846 2299 3903 nisi
2323 3865 2466 3908 cum
2489 3865 2602 3905 suo
2623 3866 2764 3905 ma-

554 3928 597 3971 ‘.‘
626 3923 739 3979 rito
768 3921 1021 3987 coiisset,
1052 3928 1113 3977 et
1156 3936 1290 3975 cum
1336 3920 1506 3977 nullo
1550 3923 1668 3977 alio
1701 3922 1828 3978 viro
1870 3924 2168 3986 habuisset
2205 3924 2762 3987 consuetudinems·

552 3999 735 4061 Illum
762 4002 947 4076 igitur
970 4008 1105 4057 ante
1124 4000 1329 4055 omnia
1354 4000 1558 4058 uxoris
1576 4001 1810 4059 urinam
1835 4020 1962 4060 esse
1985 4011 2290 4078 expertum
2311 4030 2326 4072 3
2357 4004 2566 4065 deinde
2591 4024 2768 4075 vero,

552 4095 741 4153 quum
766 4081 959 4137 visum
984 4096 1106 4135 non
1128 4077 1462 4150 recepisset,
1488 4078 1736 4137 aliarum
1751 4081 2018 4139 omnium
2047 4089 2224 4156 atque
2247 4084 2500 4149 aliam
2519 4086 2768 4160 &peri-

554 4164 822 4237 mentum
860 4157 1087 4229 fecisse.
1164 4156 1255 4213 Ad
1294 4164 1644 4227 extremum,
1672 4165 1988 4235 postquam
2025 4162 2221 4243 visum
2252 4148 2596 4237 recepisset,
2627 4178 2768 4225 mu-
