2925 4992
928 360 961 367 ··
1022 319 1506 395 nmmum.
1831 368 1838 376 -
2309 334 2386 391 95

158 499 219 549 et
244 506 355 550 car
378 490 693 569 singulare
732 488 847 547 hoc
883 503 1005 565 pm
1028 488 1169 548 aliis
1188 490 1464 549 omnibns
1491 488 1792 567 AEgyptiis
1831 488 1946 565 ipsi
1981 488 2284 557 haberent,
2311 500 2386 551 ut

157 572 473 649 gymnicos
510 571 687 627 ludos
714 570 769 627 ei
802 571 1137 637 instituant,
1164 570 1458 637 dixerunt,
1491 578 1534 603 “
1560 588 1670 627 suo
1697 586 1769 626 ex
1808 570 2026 645 oppido
2065 568 2384 629 oriundum

162 654 203 687 “
232 668 367 707 esse
393 651 674 707 Perseum
699 672 712 705 z
756 650 1035 706 Danaum
1063 650 1223 705 enim
1251 657 1311 706 et
1335 650 1672 725 Lynceum,
1691 650 1790 723 qui
1815 650 1878 707 in
1899 649 2187 705 Graeciam
2219 652 2382 707 navi·

164 734 209 763 ‘⁴
236 738 504 807 gassent,
524 730 907 785 Chemmites
944 728 1127 785 filisse
1152 730 1207 782 :'’
1250 736 1309 785 et
1348 729 1562 785 horum
1591 729 1800 784 deinde
1839 744 2032 803 genus
2071 744 2384 785 recensen-

160 818 273 876 teS,
318 806 747 865 descenderunt
792 814 981 879 'usque
1020 807 1095 862 ad
1135 806 1435 874 Perseum.
1517 814 1562 839 ‘⁶
1594 808 1775 864 Hunc
1819 808 2078 872 autem,”
2122 808 2386 876 aiebant,

164 894 205 921 “
228 902 429 961 quum
454 888 535 943 ob
554 904 689 943 eam
714 904 985 942 caussam
1012 887 1219 959 (quam
1246 888 1514 943 eamdem
1543 886 1733 941 Graeci
1761 887 2120 955 memorant)
2151 886 2384 963 AEgyp-

162 972 204 999 “
230 974 370 1023 tum
413 966 671 1029 adiisset,
700 972 771 1020 ut
798 966 1091 1039 Gorgonis
1132 972 1311 1038 caput
1350 980 1421 1021 ex
1451 964 1643 1038 Libya
1683 964 1955 1030 adferret,
1985 965 2164 1023 etiam
2207 966 2280 1021 ad
2320 980 2386 1022 se

163 1052 205 1077 “
230 1046 493 1111 venisse,
524 1052 584 1100 et
610 1054 899 1118 cognatos
923 1060 1130 1099 omnes
1171 1044 1526 1119 agnovisse3
1574 1043 1784 1100 adiisse
1825 1052 2023 1099 autem
2049 1044 2390 1121 AEgyptum

158 1124 207 1159 “
228 1126 493 1199 cognito
520 1123 868 1197 Chemmios
894 1124 1157 1188 nomine,
1184 1122 1339 1195 quod
1368 1123 1423 1178 ei
1456 1130 1650 1178 mater
1673 1122 2000 1179 indicasset.
2081 1120 2244 1180 Huic
2269 1123 2386 1201 igi-

161 1210 205 1235 “
232 1212 343 1259 tur
365 1220 430 1258 se
455 1197 627 1259 ludos
652 1205 965 1276 gymnicos
992 1202 1305 1267 celebrare,
1332 1202 1516 1275 ipsius
1533 1198 1762 1272 jussu.”

236 1286 348 1340 92.
392 1282 533 1341 Istis
576 1296 713 1355 quae
756 1280 1001 1353 exposui
1040 1278 1321 1337 institutis
1364 1290 1622 1353 utuntur
1659 1280 1696 1335 ii
1735 1276 2019 1357 AEgyptii,
2063 1281 2164 1355 qui
2213 1298 2390 1357 snpra

160 1360 421 1435 paludes
452 1359 760 1415 habitant..
818 1360 939 1420 Qui
966 1374 1107 1414 vero
1130 1360 1359 1432 paludes
1384 1360 1651 1424 incolunt,
1683 1358 1902 1415 eisdem
1931 1358 2170 1433 quidem
2197 1369 2383 1417 utun-

157 1450 267 1497 tur
292 1440 511 1514 quibus
537 1436 743 1512 reliqui
773 1438 1063 1513 AEgyptii,
1091 1454 1277 1511 quum
1307 1438 1433 1494 aliis
1464 1438 1527 1493 in
1565 1438 1759 1503 rebuS,
1790 1445 1920 1495 tum
1956 1438 2116 1511 quod
2155 1438 2388 1495 nonnisi

164 1530 355 1575 unam
378 1519 629 1592 quisque
654 1533 895 1573 uxorem
926 1516 986 1572 in
1018 1517 1396 1572 matrimonio
1426 1516 1622 1583 habet,
1646 1516 2147 1591 quemadmodum
2175 1514 2388 1573 Graeci.

159 1600 471 1655 Caeterum
500 1596 573 1652 ad
598 1596 787 1651 victus
826 1596 1171 1651 facilitatem
1204 1595 1319 1651 alia
1358 1596 1488 1650 haec
1515 1595 1590 1650 ab
1617 1596 1690 1651 iis
1715 1596 1953 1651 inventa
1979 1603 2137 1651 sunt.
2219 1594 2387 1653 Poet-

160 1692 350 1751 quam
392 1684 602 1732 auctus
642 1682 731 1730 est
772 1672 1007 1741 fluviuS,
1034 1689 1397 1747 camposque
1431 1670 1764 1738 inundavit,
1795 1682 2119 1731 nascuntur
2144 1674 2204 1729 in
2235 1690 2390 1752 aqua

156 1756 291 1813 mia
328 1756 543 1821 multa,
572 1770 705 1828 quae
730 1752 807 1809 ab
832 1746 1132 1828 AEgyptiis
1176 1754 1318 1809 lotus
1344 1761 1652 1807 vocantur.
1734 1750 1882 1809 Haec
1917 1752 2019 1807 ubi
2045 1753 2386 1810 demessue-

160 1841 333 1900 runt,
372 1835 595 1889 siccant
632 1832 706 1887 ad
746 1832 966 1889 solem:
1014 1832 1250 1897 deinde,
1293 1830 1451 1905 quod
1493 1832 1554 1886 in
1594 1831 1720 1887 loto
1769 1830 1926 1887 intus
1967 1840 2078 1897 est,
2113 1830 2389 1906 papaveri

162 1914 386 1979 simile,
418 1912 477 1968 id
514 1913 773 1986 pinsunt,
801 1926 1097 1985 panesque
1122 1928 1193 1965 ex
1223 1928 1293 1966 eo
1322 1917 1606 1985 coquunt.
1688 1908 1798 1967 Est
1821 1928 1963 1977 ,vero
2003 1912 2182 1967 etiam
2223 1906 2392 1969 radix

159 1988 347 2062 hujus
374 1992 487 2047 loti
529 1991 843 2055 esculenta,
874 1990 1055 2045 dulcis
1097 1988 1443 2056 admodum,
1471 1990 1742 2055 rotunda,
1771 1989 2188 2064 magnitudine
2225 1988 2387 2047 mali.

162 2072 317 2127 Sunt
342 2082 407 2126 et
434 2070 554 2126 alia
574 2070 721 2135 lilia,
752 2069 895 2124 rosis
936 2068 1172 2134 similia,
1201 2086 1333 2143 quae
1374 2076 1433 2124 et
1471 2071 1599 2143 ipsa
1639 2070 1700 2125 in
1745 2068 1979 2125 flumine
2023 2077 2382 2128 nascunturz

162 2153 427 2225 quorum
456 2149 687 2205 fructus
717 2149 777 2202 in
804 2146 919 2203 alio
952 2148 1150 2221 calyce
1186 2148 1363 2214 inest,
1393 2164 1469 2203 ex
1507 2146 1700 2204 radice
1739 2147 1980 2215 adnato,
2013 2145 2204 2221 specie
2245 2148 2388 2205 favo

162 2242 488 2304 vesparum
531 2226 868 2293 simillima3
914 2226 975 2284 in
1012 2241 1131 2301 quo
1176 2228 1373 2282 insunt
1416 2226 1638 2303 (baccae
1681 2224 1806 2283 sive
1845 2226 2062 2303 grana)
2091 2228 2389 2285 esculenta

160 2308 487 2383 permulta,
516 2298 931 2381 magnitudine
971 2304 1167 2361 nuclei
1210 2306 1403 2375 olivae,
1432 2318 1564 2381 quae
1595 2306 1691 2361 vel
1735 2312 1938 2361 tenera
1978 2300 2387 2373 comeduntur,

160 2388 260 2443 vel
301 2388 544 2443 siccata.
627 2384 823 2441 Porro·
858 2384 1109 2458 Byblum‚
1146 2384 1229 2459 (id
1272 2390 1380 2449 est,
1426 2382 1762 2459 Papyrum)
1794 2400 1926 2457 quae
1966 2384 2286 2459 quotannis
2324 2386 2388 2442 in

161 2462 491 2541 paludibus
540 2462 824 2529 nascitur,
866 2472 1181 2537 postquam
1228 2470 1628 2527 extraxerunt,
1665 2464 1966 2537 superiora
2011 2461 2386 2531 abscindunt,

162 2546 227 2604 in
250 2546 525 2618 aliosque
550 2560 693 2599 usus
718 2550 1111 2611 convertunt3
1156 2542 1312 2617 quod
1349 2540 1492 2599 ve'ro
1531 2542 1778 2598 inferius
1805 2540 2160 2616 relinquitur
2182 2542 2255 2597 ad
2282 2558 2406 2598 αι-.

166 2624 275 2681 biti
322 2623 791 2697 longitudinem,
838 2620 897 2676 id
944 2620 1159 2695 partim
1212 2620 1596 2689 manducant,
1631 2617 1852 2695 partim
1903 2618 2186 2680 vendunt.
2251 2620 2390 2683 ‚Qui

164 2720 305 2759 vero
348 2702 611 2758 delicata
650 2699 971 2756 admodum
1012 2698 1193 2773 byblo
1218 2701 1431 2756 volunt
1469 2700 1578 2767 nti,
1609 2700 1670 2755 hi
1696 2714 1826 2755 eam
1855 2700 1918 2755 in
1943 2699 2187 2758 ardente
2209 2698 2388 2757 furno

165 2780 552 2839 torrefactum
591 2776 978 2835 manducant.
1058 2778 1350 2835 Nonnulli
1376 2794 1516 2835 vero
1541 2778 1776 2835 nonnisi
1813 2779 2052 2851 piscibus
2077 2778 2263 2835 vitam
2289 2794 2388 2836 su-

164 2866 461 2925 stentant,
492 2858 705 2932 quibus
732 2856 1034 2930 capiendis
1062 2856 1211 2913 dant
1236 2872 1509 2931 operam:
1547 2858 1612 2914 hi
1641 2865 1953 2933 postquam
1981 2864 2182 2931 captos
2211 2872 2390 2921 exen-

167 2944 467 3003 terarunt,
499 2937 569 2992 ad
593 2937 779 2993 solem
804 2954 901 2992 eos
928 2938 1176 3003 siccant,
1206 2946 1267 2992 et
1294 2936 1376 2991 ita
1402 2938 1646 2993 siccatos
1675 2936 2007 2995 comedunt.

188 3038 199 3049 ·
245 3022 348 3077 93.
400 3017 667 3087 Gregales
688 3016 949 3089 pisces-in
978 3014 1319 3071 fluminibus
1356 3030 1476 3071 non
1507 3016 1632 3071 fere
1656 3015 1988 3090 gignuntur
2003 3039 2021 3087 3
2069 3009 2194 3081 sed,
2223 3024 2388 3088 post-

170 3113 349 3177 quam
380 3094 445 3151 in
474 3096 704 3169 stagnis
728 3094 968 3149 enutriti
1007 3102 1170 3161 sunt,
1196 3092 1421 3150 faciunt
1447 3094 1572 3149 haec
1601 3110 1734 3167 quae
1761 3091 1970 3149 dicam.
2054 3088 2174 3149 Ubi
2204 3094 2391 3151 inces-

167 3178 244 3234 sit
270 3194 379 3233 eos
406 3172 695 3250 gignendi
721 3173 925 3239 libido,
957 3172 1249 3247 gregatim
1280 3180 1525 3229 enatant
1547 3174 1608 3228 in
1638 3188 1819 3231 mare.
1881 3172 2140 3245 Gregem
2168 3172 2392 3229 ducunt

168 3265 387 3323 marea,
414 3253 754 3329 genituram
782 3258 1123 3327 spargentes
1147 3274 1160 3306 :
1190 3260 1516 3325 sequuntur
1537 3248 1815 3315 foeminae,
1835 3268 1964 3325 quae
1991 3250 2155 3312 iliam
2181 3250 2392 3327 deglu-

170 3334 357 3401 tiunt,
402 3340 587 3406 atque
630 3332 765 3387 inde
814 3330 1167 3404 concipiunt.
1246 3330 1568 3406 Postquam
1620 3330 1878 3405 gravidae
1927 3330 2102 3385 factae
2145 3326 2282 3387 s'unt
2329 3332 2392 3388 in

167 3412 344 3480 mari,
373 3422 535 3467 retro
563 3416 767 3466 natant
807 3411 865 3465 in
902 3426 1041 3465 suos
1080 3408 1355 3483 quodque
1393 3426 1585 3486 genus
1626 3409 1806 3475 sedes..
1885 3406 2046 3467 Tum
2087 3404 2228 3465 vero'
2271 3424 2391 3467 non

156 3489 291 3563 jam
314 3508 515 3549 mares
542 3496 833 3563 praeeunt,
861 3488 962 3543 sed
1002 3488 1265 3545 foeminae
1292 3489 1515 3545 ducunt
1557 3506 1837 3564 gregem:
1883 3504 2014 3563 quae
2053 3483 2196 3545 dum
2239 3506 2388 3562 prae-

163 3578 336 3638 eunt,
364 3566 637 3625 similiter
664 3568 890 3624 faciunt
916 3575 1089 3641 atque
1116 3574 1288 3623 antea
1316 3585 1506 3623 mares
1535 3566 1790 3623 fecerant
1811 3592 1826 3636 3
1861 3574 2153 3643 spargunt
2181 3569 2389 3643 paula-

168 3652 281 3707 tim
327 3664 583 3705 ovorum
623 3664 832 3723 grana,
875 3653 1313 3721 sequunturque
1358 3662 1551 3703 mares
1595 3646 1700 3709 illa
1742 3645 2153 3721 deglutientes.
2221 3646 2392 3705 Sunt

168 3738 379 3786 autem
419 3744 611 3803 grana
648 3727 781 3791 ista,
811 3726 1035 3800 pisces:
1083 3735 1241 3780 etex
1281 3724 1518 3799 reliquis
1560 3725 1780 3801 graniS,
1811 3741 2088 3798 quaenon
2123 3731 2256 3781 sunt
2284 3725 2388 3780 de-

170 3808 421 3889 glutita,
450 3806 715 3863 existunt
752 3805 937 3877 pisces
962 3805 1065 3881 qui
1102 3804 1310 3859 deinde
1352 3800 1749 3862 enutriuntur.
1829 3802 1950 3866 Qui
1991 3822 2064 3859 ex
2103 3802 2390 3882 gregibus

170 3886 317 3954 illis,
346 3902 537 3961 quum
562 3884 627 3940 in
653 3900 819 3939 mare
842 3892 1101 3949 enatant,
1128 3880 1447 3957 capiuntur
1483 3882 1692 3958 pisceS,
1723 3882 1938 3939 horum
1966 3880 2158 3957 capita
2181 3900 2214 3936 a
2239 3882 2390 3939 l'ae'vo

169 3964 360 4023 latere
400 3964 619 4020 adtrita
658 3961 1033 4034 reperiuntur
1062 3986 1077 4033 3
1126 3964 1252 4034 qui·
1274 3962 1335 4018 in
1382 3962 1705 4019 renatando
1752 3960 2085 4034 capiuntur,
2120 3957 2394 4019 dextrum

170 4045 337 4101 latus
385 4044 672 4100 adtritum
727 4040 957 4097 habent.
1037 4036 1265 4107 Accidit
1316 4042 1427 4097 hoc
1483 4050 1682 4097 autem
1737 4040 1856 4096 illis
1899 4039 2008 4099 hac
2055 4039 2127 4109 de
2171 4056 2393 4097 caussa.

176 4123 387 4183 Quum
411 4124 473 4179 in
500 4126 961 4186 marcenatant,
988 4122 1182 4193 presse
1207 4118 1422 4195 legunt
1448 4126 1664 4177 terram
1693 4136 1729 4174 a
1767 4124 1948 4191 parte·
1971 4117 2244 4177 sinistra:
2288 4120 2396 4175 ubi

176 4208 335 4261 retro
364 4208 593 4269 natant,
625 4214 825 4257 rursus
850 4198 921 4255 ad
950 4198 1215 4259 eamdem
1258 4214 1385 4257 sese
1410 4198 1726 4275 adplicant,
1753 4196 2035 4271 illamque
2075 4196 2394 4274 adtingunt
