2925 4992
1073 309 1525 374 Ena-sare.
2246 279 2251 284 ’
2318 319 2399 380 7³

185 470 236 528 V
238 465 592 545 identat-que
639 471 800 532 mihi
847 488 922 528 ex
971 469 1264 547 AEgyptiis
1317 469 1402 538 hi,
1463 470 1567 546 qui
1626 468 1779 528 infra
1830 469 2141 530 Moeridem
2194 471 2395 532 laeum

185 563 374 624 quum
401 552 520 606 alia
559 551 718 614 loca,
767 558 900 606 tum
946 549 1128 607 Delta
1171 551 1329 624 quod
1353 557 1619 616 vocatur,
1644 549 1931 616 incolunt,
1962 552 2013 606 si
2042 568 2149 624 pro
2188 551 2395 608 eadem

181 631 456 703 portione
482 626 776 702 paulatim
801 627 1154 686 exaltabitur
1184 639 1358 694 terra,
1387 635 1448 684 et
1474 629 1665 700 magis
1704 629 2009 703 magisque
2035 628 2387 704 augebitur,

179 709 486 775 videntur,
517 711 791 782 inquam,
814 709 962 763 mihi
987 708 1278 782 AEgyptiss
1303 724 1491 780 quum
1514 713 1727 762 terram
1757 725 1963 762 eorum
1990 726 2106 764 non
2136 708 2391 782 amplius

178 785 462 845 inundare
499 786 680 842 Nilus
714 787 987 860 potuerit,
1017 793 1156 842 tunc
1186 803 1286 859 per
1311 802 1491 842 omne
1518 785 1811 858 reliquum
1836 804 2031 842 aevum
2055 787 2215 842 idem
2252 797 2411 860 pas-‘

179 866 296 920 suri
317 869 470 932 e'sse,
500 866 660 940 quod
685 865 798 939 ipsi
821 865 1056 920 aiebant
1075 864 1314 920 Graeoos
1339 864 1661 936 aliquando
1686 879 1975 937 passuros.
2022 865 2175 920 Nam
2202 881 2399 938 quum.

177 945 506 1009 audissent,
533 945 876 1000 universam
899 943 1244 1000 Graeeorum
1269 951 1481 998 terram
1514 942 1715 1015 pluvia
1740 942 1994 1016 irrigari,
2024 961 2141 999 non
2167 941 2387 1012 fluviis,

177 1022 688 1096 quemadmodum
731 1021 1069 1096 AEgyptus3
1125 1021 1420 1086 dixerunt,
1462 1027 1503 1052 “
1532 1020 1659 1077 fore
1702 1028 1772 1077 ut
1814 1021 2004 1078 Graeci
2047 1021 2385 1096 aliquando,

178 1109 222 1134 “
247 1119 475 1174 magna
501 1119 610 1175 spe
635 1101 922 1166 frustrati,
947 1101 1160 1156 misere
1181 1099 1495 1156 esuriant.”
1572 1099 1745 1160 Quod
1773 1100 2021 1156 verbum
2041 1117 2110 1156 eo
2135 1099 2385 1168 valebat,

178 1187 218 1212 “
246 1181 302 1236 si'
323 1179 572 1253 quando
613 1179 756 1252 ipsis
793 1179 956 1235 deus.
978 1179 1232 1234 noluerit
1273 1179 1491 1251 pluere,
1518 1178 1619 1234 sed
1660 1178 1983 1236 siceitatem
2024 1180 2379 1254 immittere3

178 1265 220 1290 “
243 1259 410 1314 fame
457 1275 726 1330 pressum
769 1257 838 1313 iri
879 1257 1156 1326 Graecos;
1203 1273 1312 1312 nec
1358 1257 1517 1312 enim
1556 1255 1719 1312 aliud
1758 1254 1875 1314 illis
1916 1275 2043 1316 esse
2084 1259 2385 1334 refugium

177 1343 221 1373 “
245 1335 408 1394 unde
433 1353 652 1410 aquam
680 1343 900 1407 petant,
928 1335 1041 1390 nisi
1067 1353 1102 1390 a
1126 1333 1254 1390 solo
1279 1334 1485 1392 Jove.’'

253 1421 350 1472 14.
391 1415 476 1470 Et
517 1416 628 1470 hoc
667 1414 924 1488 quidem,
953 1414 1026 1470 ad
1067 1415 1300 1470 Graecos
1341 1421 1631 1487 spectans,
1664 1421 1818 1472 recte
1858 1415 2055 1472 dixere
2092 1415 2385 1492 AEgyptii.

169 1495 298 1570 Age
322 1511 496 1558 vero,
526 1493 788 1566 ipsorum
825 1492 1004 1548 etiam
1027 1490 1443 1570 AEgyptiorum
1468 1509 1735 1567 quaenam
1766 1493 2019 1550 conditio
2046 1494 2143 1560 sit,
2172 1495 2385 1552 dicam.

173 1570 228 1627 Si
253 1572 562 1638 acciderit,
581 1571 738 1645 quod
770 1571 946 1644 paulo
971 1581 1110 1628 aute
1135 1571 1278 1636 dixi,
1299 1579 1370 1628 ut
1395 1572 1563 1646 regio
1588 1571 1741 1628 iufra
1760 1570 2071 1645 Memphin
2096 1573 2207 1628 sita
2232 1573 2387 1647 (haee

173 1659 258 1706 est
299 1651 466 1706 enim
511 1667 646 1723 quae
685 1649 957 1725 augetur)
991 1651 1194 1706 eadem
1236 1647 1481 1714 ratione,
1510 1666 1627 1722 qua
1672 1650 1969 1722 praeterito
2010 1658 2293 1724 tempore,
2322 1653 2389 1710 in

172 1726 556 1786 altitudinem
597 1737 901 1802 augeatur,
929 1729 1071 1802 quid
1111 1727 1272 1784 aliud
1309 1729 1559 1794 eveniet,
1592 1728 1703 1784 uisi
1742 1735 1812 1784 ut
1844 1727 2003 1784 fame
2042 1737 2385 1803 premantur

172 1806 442 1884 AEgyptii
473 1809 776 1881 regionem
816 1807 978 1864 illam
1019 1807 1376 1864 incolentes?
1415 1805 1889 1880 quandoquidem
1929 1824 2041 1863 nee
2079 1808 2279 1882 pluvia
2302 1806 2386 1866 ir·-

173 1888 474 1962 rigabitur
511 1887 748 1942 illorum
795 1893 972 1950 terra,
1004 1903 1110 1941 nec
1150 1885 1366 1942 fluvius
1406 1887 1621 1958 poterit
1659 1903 1799 1942 arva
1840 1887 2143 1945 inundare.
2220 1886 2381 1946 Nam
2432 1939 2437 1948 .

171 1965 444 2038 profecto
471 1981 630 2020 nunc
657 1962 894 2039 quidem
925 1963 1004 2030 hi,
1033 1982 1154 2038 proe
1180 1965 1310 2020 aliis
1345 1964 1689 2022 hominibus
1727 1965 1976 2031 cunctis,
2005 1972 2065 2022 et
2090 1983 2211 2040 prae
2246 1966 2381 2024 reli-

174 2045 304 2116 quis
331 2043 666 2118 AEgyptiis,
697 2044 946 2098 minimo
975 2043 1176 2098 labore
1203 2043 1466 2100 fructum
1490 2061 1523 2099 e
1549 2050 1703 2100 terra
1734 2044 2061 2118 percipiunt
2086 2067 2098 2100 :
2146 2045 2249 2119 qui
2274 2063 2387 2102 ne-

175 2139 288 2196 que
313 2130 514 2179 aratro
545 2123 738 2178 sulcos
765 2121 846 2178 fin
855 2121 1060 2187 dende,
1093 2139 1198 2178 nec
1225 2129 1438 2178 terram
1480 2122 1755 2179 fodiendo
1780 2123 2113 2180 molestiam
2138 2123 2379 2192 habent,

175 2219 279 2258 nec
319 2217 475 2276 opus
519 2201 711 2256 ullum
749 2200 977 2257 faciunt
1017 2217 1245 2266 eorum,
1274 2200 1489 2274 quibus
1530 2201 1631 2257 alii
1672 2219 1877 2258 omnes
1918 2201 2183 2258 homines
2229 2203 2381 2261 circa

173 2289 438 2355 segetem
493 2279 688 2335 multo
737 2296 876 2334 eum
928 2278 1128 2334 labore
1179 2286 1573 2351 occupantur:
1628 2280 1749 2344 sed,
1798 2288 2110 2353 postquam
2164 2281 2379 2339 fluvius

171 2366 380 2432 sponte
421 2357 708 2414 accedens
737 2375 878 2412 arva
915 2356 1246 2424 inundavit,
1275 2365 1334 2414 et
1373 2357 1615 2432 irrigata
1652 2375 1856 2418 rursus
1893 2355 2148 2432 reliquit,
2178 2376 2379 2418 semen

171 2438 423 2512 quisque
449 2437 512 2492 in
539 2453 744 2492 arvum
771 2453 944 2492 suum
967 2435 1212 2510 spargit,
1236 2446 1364 2492 tum
1381 2453 1513 2492 sues
1540 2437 1602 2492 in
1631 2436 1775 2492 illud
1806 2437 2071 2492 immittit
2092 2460 2109 2506 3
2142 2436 2375 2506 deinde,

169 2516 525 2573 conculcato
571 2533 606 2570 a
660 2515 868 2571 suibus
919 2515 1162 2579 semine,
1203 2515 1408 2572 messis
1455 2523 1685 2588 tempus
1720 2522 2051 2588 exspectat:
2094 2515 2375 2589 denique,

167 2606 492 2668 postquam
528 2611 632 2666 per
669 2608 802 2650 sues
855 2593 1220 2649 frumentum
1258 2593 1547 2668 protrivit,
1599 2593 1685 2650 ita
1730 2593 1876 2649 illud
1922 2595 2165 2652 domum
2212 2612 2373 2654 com-

243 2682 380 2732 rtat.

165 2691 342 2810 po15.
388 2751 648 2814 Quodrsi
674 2749 856 2828 igitur
873 2751 1086 2810 Ionum
1109 2752 1184 2810 de
1197 2751 1464 2828 AEgypto
1492 2749 1659 2825 sequi
1682 2751 1969 2809 vellemus
1990 2769 2091 2808 sen
2100 2755 2373 2822 tentiam,

169 2833 269 2905 qui
292 2831 482 2888 Delta
507 2831 680 2886 solum
707 2830 878 2887 aiunt
901 2849 1012 2888 esse
1029 2832 1360 2906 AEgyptum,
1379 2848 1559 2904 quam
1582 2831 1902 2888 seeundum
1928 2847 2089 2888 mare
2118 2853 2151 2889 a
2180 2835 2374 2892 Persei

168 2927 298 2982 quae
339 2916 588 2966 vocatur
615 2911 854 2984 specula
890 2927 1078 2984 usque
1118 2911 1193 2966 ad
1231 2907 1533 2965 Pelusiaca
1570 2910 1851 2972 'l'ariehea
1892 2911 2110 2984 porrigi
2148 2912 2373 2980 dicunt,

169 3007 282 3063 qua
301 2997 446 3046 sunt
461 2988 852 3064 quadraginta
869 2990 1118 3060 schoeni3
1153 3007 1188 3044 a
1207 2987 1355 3044 mari
1373 3004 1513 3042 vero
1530 3001 1733 3042 versus
1748 2987 2175 3044 mediterranea
2193 2991 2373 3064 perti-

167 3085 302 3124 nere
329 3065 669 3141 AEgyptum
696 3068 862 3124 aiunt
885 3085 1077 3141 usque.
1102 3067 1174 3124 ad
1205 3067 1589 3123 Cercasurum
1614 3065 1917 3138 oppidum,
1937 3065 2009 3120 ad
2038 3067 2197 3139 quod
2222 3068 2373 3126 scin·

169 3146 325 3204 ditur
349 3145 558 3211 Nilus,
587 3146 804 3220 partim
827 3143 1124 3203 Pelusium
1149 3159 1352 3200 versus
1379 3143 1584 3210 fluenS,
1614 3144 1829 3214 partim
1858 3143 2205 3216 Canobum3
2238 3135 2376 3204 reli..

169 3242 308 3298 quos
355 3232 562 3280 autem
603 3239 810 3280 omnes
851 3224 1091 3300 AEgypti
1132 3231 1374 3288 tractuS,
1413 3222 1561 3278 alios
1602 3220 1807 3295 Lybiae
1846 3239 1973 3278 esse
2010 3223 2199 3290 aiunt,
2224 3224 2372 3282 alios

167 3305 435 3362 Arabiae:
481 3302 614 3368 hac,
645 3303 908 3376 inquam,
940 3304 1162 3360 ratione
1195 3302 1416 3359 utendo
1441 3295 1835 3357 demonstrare
1882 3318 2201 3374 possemus,
2232 3304 2373 3360 nul·

167 3381 282 3440 lam
309 3381 462 3439 olim
490 3383 706 3436 terram
739 3381 1012 3438 habuisse
1037 3379 1344 3456 AEgyptios
1366 3404 1382 3449 ;
1429 3378 1907 3452 quandoquidem
1926 3379 2112 3436 Delta
2138 3382 2273 3449 hoc,
2301 3390 2373 3441 ut

167 3459 274 3534 ipsi
321 3459 642 3518 adfirmant
686 3459 979 3535 AEgyptii,
1016 3467 1198 3534 utque
1239 3459 1386 3514 mihi
1427 3457 1678 3522 videtur,
1725 3457 1927 3514 adluta
1968 3465 2121 3514 terra
2164 3469 2271 3528 est,
2310 3470 2373 3518 et

164 3540 394 3610 {verbo
422 3546 494 3594 ut
533 3537 756 3611 dicam)
801 3555 990 3611 nuper
1033 3545 1220 3594 enata.
1301 3537 1479 3598 Quod
1528 3535 1577 3590 si
1626 3536 1809 3610 igitur
1847 3536 2013 3594 nulla
2056 3537 2201 3596 olim
2250 3539 2372 3596 fuit

166 3618 592 3693 AEgyptiorum
617 3623 794 3682 terra,
823 3633 970 3689 quas
1009 3616 1245 3674 tandem
1284 3631 1471 3689 nugas
1512 3621 1783 3688 egerunt,
1812 3616 2033 3686 primos
2056 3625 2065 3672 .’
2074 3634 2137 3672 se
2177 3617 2369 3674 homi-

157 3715 304 3754 ·num
343 3697 532 3752 fuisse
572 3695 1014 3754 existimantes?
1057 3695 1184 3752 Neo
1227 3710 1367 3749 vero
1413 3692 1722 3767 oportebat
1762 3710 1863 3750 eos
1904 3695 2369 3768 experimentum

165 3774 352 3832 faeere
385 3776 454 3830 in
495 3773 782 3848 puel-ulie,
811 3791 1128 3848 quemnam
1169 3789 1398 3828 sermon
1407 3789 1501 3828 em
1543 3773 1799 3845 primum
1840 3781 2038 3828 essent
2078 3774 2369 3832 emissuri.

164 3853 292 3930 Ego
331 3871 478 3910 vero
519 3851 816 3918 existimo,
843 3851 1160 3927 AEgyptios
1201 3868 1326 3911 non
1368 3851 1547 3907 simul
1584 3867 1717 3907 cum
1746 3849 1963 3920 Delta,
1992 3851 2150 3924 quod
2189 3851 2368 3912 Iones

165 3940 400 4000 vocant,
429 3931 724 4005 originem
749 3931 990 4003 cepisse,
1015 3931 1162 4003 quin
1186 3929 1384 4006 potius
1409 3937 1641 4001 semper
1664 3926 1973 3995 exstitisse,
2000 3946 2074 3984 ex
2108 3947 2227 4002 quo
2253 3929 2365 3986 ho-

167 4009 648 4070 minumexs'titit
673 4025 868 4084 genus
881 4022 906 4080 '3
951 4018 1264 4084 postquam
1283 4025 1424 4064 vero
1451 4007 1793 4079 proluvione
1818 4015 1993 4064 aucta
2014 4007 2133 4064 fuit
2157 4025 2363 4068 eorum

168 4096 332 4160 terra,
373 4089 602 4164 multos
646 4085 888 4162 quidem
931 4103 1136 4180 eorum
1182 4087 1247 4144 in
1291 4084 1549 4164 pristinis
1591 4085 1827 4144 sedibus
1872 4085 2178 4157 mansisse,
2222 4086 2366 4146 alios
2506 4097 2510 4101 '

1248 4181 1284 4222 1.
