2925 4992
567 321 646 379 '70
1147 312 1644 372 HERODOTI
1701 311 2066 372 HISTOR.
2107 311 2187 372 11.

646 477 706 529 3.
747 469 840 528 Ita
867 470 1099 546 quidem
1145 484 1270 528 rem
1293 473 1487 528 actam
1515 479 1659 540 esse,
1684 488 1757 528 ex
1783 472 2029 530 Vulcani
2072 469 2467 530 sacerdotibus
2492 469 2773 546 Memphi

567 552 781 607 audivi.
860 551 1050 608 Graeci
1074 568 1212 606 vero
1233 560 1292 606 et
1310 551 1425 606 alia
1451 558 1691 606 narrant
1711 569 1865 606 vana
1890 553 2101 618 multa,
2128 559 2189 608 et
2215 552 2277 608 in
2306 549 2419 617 his,
2446 551 2771 608 mulierum

565 630 805 706 linguas
821 629 1128 686 exscidisse
1155 626 1659 695 Psaiiimitibhum,
1680 629 1885 702 hisque
1902 627 2245 686 'mulieribus
2258 645 2465 702 pueros
2482 629 2613 686 illos
2646 637 2770 685 tra-

566 709 778 766 didisse
816 709 1176 764 nutriendOS.
1264 707 1358 764 De
1404 725 1719 780 puerorum
1761 707 1943 781 igitur
1992 709 2229 764 illorum
2269 708 2589 764 nutritione
2617 709 2770 764 mihi

567 788 683 844 ista
709 795 946 844 narrata
973 795 1126 845 sunt.
1209 784 1319 842 Sed
1350 794 1410 842 et
1457 787 1573 842 alia
1623 787 1723 860 [ad
1750 787 2145 860 AEgyptiorum
2186 789 2566 858 antiquitatem
2589 791 2771 859 perti·-

565 863 1082 940 nentiaJMempbi
1132 864 1346 928 audivi,
1378 883 1513 922 cum
1558 864 1805 920 Vulcani
1851 865 2257 932 sacerdotibus·
2290 881 2589 922 sermones
2616 867 2767 921 mis-

564 963 720 1001 cenS.
801 947 989 1018 Atque
1036 943 1372 1000 earumdem
1427 960 1642 1016 nempe
1695 961 1887 1000 rerum
1940 962 2143 999 caussa
2190 943 2425 1000 Thebas
2477 944 2661 1000 etiam
2708 952 2771 1000 et

565 1021 931 1097 Heliopolim
975 1041 1070 1078 me
1112 1021 1356 1087 contuli,
1387 1022 1531 1078 scire
1558 1022 1819 1095 cupiens,
1848 1041 1923 1078 an
1950 1023 2188 1078 illorum
2229 1022 2589 1080 narrationes
2618 1039 2767 1078 con-

563 1104 799 1158 veniant
826 1120 960 1157 cum
984 1103 1074 1156 his
1099 1117 1232 1172 quse
1259 1099 1523 1172 Memphi
1554 1107 1875 1156 narrantur.
1956 1099 2333 1174 Heliopolitae
2356 1101 2514 1156 enim
2556 1100 2767 1158 dicun-

566 1187 665 1236 tur
691 1199 764 1236 ex
789 1181 1058 1236 omnibus
1086 1179 1384 1254 AEgyptiis
1415 1177 1740 1251 peritissimi
1784 1179 2166 1253 antiquitatis.
2246 1179 2397 1240 Quae
2440 1179 2626 1254 igitur
2660 1197 2767 1234 au-

563 1257 684 1315 divi
715 1257 786 1314 ad
817 1277 904 1314 res
933 1259 1161 1314 divinas
1189 1257 1533 1329 spectantia,
1561 1273 1630 1312 ea
1660 1273 1778 1312 non
1806 1264 1893 1314 est
1920 1258 2067 1314 mihi
2105 1258 2337 1314 animus
2365 1258 2425 1314 in
2456 1257 2766 1330 publicum

566 1337 754 1404 edere,
781 1337 1034 1410 exceptis
1063 1337 1305 1392 deorum
1333 1334 1687 1401 nominibuS,
1716 1335 2055 1392 existimans
2096 1354 2298 1392 omnes
2336 1337 2428 1409 [in
2458 1336 2758 1411 AEgypto]

563 1417 832 1472 homines
859 1417 1010 1472 idem
1039 1415 1110 1470 de
1139 1414 1230 1470 his
1260 1431 1466 1470 nosse:
1520 1428 1901 1486 quaecumque
1945 1433 2083 1472 vero
2126 1416 2199 1470 de
2233 1415 2349 1470 illis
2394 1415 2567 1470 rebus
2594 1432 2765 1470 com-

565 1513 864 1550 memorav
870 1513 988 1561 er0,
1015 1511 1217 1550 eorum
1246 1489 1483 1548 nonnisi
1520 1510 1557 1548 a
1601 1493 1957 1550 narrationis
2000 1495 2223 1550 ratione
2268 1501 2503 1549 coactus
2548 1493 2767 1550 facum

568 1575 952 1630 mentionem.

644 1657 700 1707 4.
741 1653 914 1714 Quod
945 1649 1018 1707 ad
1060 1669 1148 1708 res
1191 1653 1477 1710 humanas
1521 1657 1761 1726 spectat,
1793 1649 1913 1708 haec
1958 1651 2045 1708 illi
2086 1669 2281 1708 secum
2320 1652 2765 1708 consentientes

563 1729 858 1788 dixerunt.
962 1729 1190 1786 Primos
1237 1731 1547 1788 hominum
1594 1731 1857 1788 omnium
1896 1731 2192 1804 AEgyptios
2234 1749 2433 1786 annum
2478 1731 2765 1800 invenisse,

562 1809 870 1866 duodecim
897 1817 1089 1882 partes
1120 1811 1550 1866 succedentium
1596 1810 1847 1866 invicem
1878 1817 2207 1882 temporum
2236 1827 2340 1884 per
2370 1809 2537 1866 illum
2564 1807 2767 1866 distri-

563 1887 823 1944 buentes.
880 1887 1027 1944 Haec
1051 1896 1246 1944 autern
1271 1888 1400 1944 illos
1427 1907 1501 1944 ex
1520 1888 1689 1943 astris
1708 1889 1998 1944 invenisse
2022 1889 2274 1944 aiebant.
2334 1888 2542 1962 Agunt
2562 1896 2767 1946 autem

561 1983 780 2025 annum
797 1965 1064 2040 AEgyptii
1089 1973 1254 2021 tanto
1280 1965 1642 2040 prudentiuS,
1659 1973 1728 2022 ut
1746 1967 2013 2038 equidem
2042 1967 2309 2033 arbitror,
2330 1985 2505 2041 quam
2530 1965 2763 2035 Graeci;

564 2045 722 2118 quod
765 2045 956 2100 Graeci
999 2044 1172 2100 tertio
1211 2061 1443 2118 quoque
1477 2062 1657 2111 anne,
1702 2044 2119 2101 vicissitudinis
2158 2054 2493 2119 temporum
2528 2061 2765 2112 caussa,

560 2123 964 2180 intercalarem
1009 2139 1272 2180 mensem
1302 2131 1599 2198 coguntur
1624 2122 1874 2192 adjicere
1892 2148 1909 2194 3
1964 2123 2237 2199 AEgyptii
2284 2141 2423 2180 vero
2450 2123 2765 2180 duodecim

561 2218 794 2259 menses
843 2202 1198 2258 tricenorum
1245 2201 1471 2258 dierum
1512 2210 1777 2276 agentes,
1830 2202 2079 2276 singulis
2131 2203 2297 2260 annis
2341 2204 2602 2276 quinque
2642 2201 2763 2260 dies

556 2288 726 2337 extra
753 2297 1062 2336 numerum
1095 2277 1398 2350 adjiciunt,
1427 2288 1604 2353 atque
1632 2279 1715 2336 ita
1742 2280 1857 2338 illis
1882 2281 2265 2338 circumactus
2292 2280 2763 2338 vicissitudinum

559 2360 1082 2416 anniversariarum
1110 2359 1354 2416 circulus
1379 2358 1589 2416 eodem
1614 2376 1841 2432 semper
1862 2371 2122 2432 tempore
2148 2359 2315 2418 redit.
2355 2360 2446 2416 Ad
2470 2359 2595 2414 haec
2622 2359 2761 2414 duo-

560 2439 730 2496 decim
757 2440 978 2494 deorum
1004 2440 1223 2495 nomina
1247 2437 1561 2512 AEgyptios
1589 2437 1807 2511 primos
1834 2439 2067 2500 aiebant
2088 2438 2430 2506 instituisse,
2456 2446 2515 2493 et
2542 2437 2619 2492 ab
2646 2438 2765 2494 illis

557 2517 794 2574 Graecos
813 2517 1133 2590 accepisse:
1167 2534 1294 2572 aras
1307 2517 1452 2572 item
1466 2525 1526 2572 ct
1543 2516 1827 2590 imagines
1846 2523 1905 2572 et
1924 2517 2143 2590 templa
2158 2516 2267 2573 diis
2284 2519 2503 2592 primos
2520 2515 2763 2572 eosdem

555 2597 847 2662 tribuisse,
889 2603 949 2650 et
988 2595 1206 2669 figuras
1233 2595 1527 2668 lapidibus
1565 2594 1949 2667 insculpsisse.
1984 2595 2108 2651 -Et
2144 2594 2351 2652 horum
2392 2597 2672 2668 pleraque
2700 2613 2762 2652 re

555 2675 683 2747 ipsa
707 2675 1178 2730 demonstrabant
1205 2674 1288 2730 ita
1324 2690 1386 2730 se
1423 2673 1670 2734 habere.
1754 2673 2027 2745 Regnasse
2050 2681 2248 2732 autem
2275 2675 2337 2731 in
2367 2673 2659 2747 AEgyptO,
2688 2692 2762 2730 ex

555 2752 867 2808 hominum
913 2770 1180 2818 numem,
1195 2743 1465 2826 primum
1502 2751 1695 2806 dixere
1722 2751 1979 2808 Menem.
2060 2753 2193 2810 Hoc
2239 2762 2517 2828 regnante
2566 2759 2761 2818 totam

555 2829 908 2906 AEgyptum,
964 2838 1213 2904 excepto
1255 2817 1535 2886 Tll'ebano
1572 2828 1857 2897 districtu,
1913 2829 2189 2902 paludem
2238 2829 2453 2900 fuisse3
2514 2836 2574 2884 et
2614 2841 2762 2886 tunc

555 2910 836 2984 temporis
883 2909 1030 2964 nihil
1069 2927 1142 2966 ex
1195 2927 1348 2982 aqua
1387 2908 1706 2965 eminuisse
1752 2926 1981 2976 eorum,
2026 2927 2165 3000 ‘quae
2207 2927 2366 2965 nunc
2410 2914 2550 2966 sunt
2600 2909 2761 2965 infra

554 2987 866 3044 Moeridem
891 2989 1106 3056 lacum,
1135 2988 1209 3044 ad
1235 3005 1409 3061 quem
1461 2995 1551 3043 est
1598 3005 1672 3042 ex
1714 2988 1862 3043 mari
1904 2987 2207 3062 navigatio
2234 2989 2475 3046 adverso
2504 2987 2754 3044 flumine

559 3074 784 3142 septem
811 3066 1059 3124 dierum.

635 3150 694 3202 5.
729 3146 812 3202 Et
857 3155 1012 3202 recte
1053 3145 1288 3220 quidem
1331 3141 1468 3214 hoc,
1510 3145 1665 3219 quod
1706 3134 1779 3204 ad
1820 3152 2033 3204 terram
2076 3152 2322 3221 spectat,
2351 3145 2563 3204 dixisse
2600 3149 2759 3205 ‘mihi

558 3225 672 3281 visi
696 3231 851 3280 sunt.
932 3224 1169 3280 Etenim
1193 3224 1458 3291 cuilibet,
1490 3226 1612 3297 qui,
1640 3225 1817 3282 etiam
1838 3227 1888 3282 si
1909 3244 2027 3282 non
2056 3233 2194 3283 ante
2218 3225 2525 3293 audiverit,
2552 3233 2761 3282 tamen

557 3299 738 3360 oeulis
767 3302 887 3358 suis
914 3302 1068 3358 hanc
1096 3310 1309 3358 terram
1335 3304 1680 3381 adspexerit,
1708 3305 1757 3360 si
1792 3304 1969 3361 modo
2008 3321 2133 3361 non
2174 3321 2409 3378 prorsus
2437 3304 2758 3361 destitutus

550 3382 729 3444 fuerit
769 3380 1180 3456 intelligentia,
1235 3382 1617 3439 manifestum
1658 3390 1771 3450 est,
1824 3383 2141 3458 AEgyptum·
2166 3385 2332 3450 hanc,
2380 3399 2545 3454 quam
2580 3385 2761 3441 Graeci

553 3460 779 3516 navibus
821 3461 1044 3527 adeunt,
1071 3461 1397 3533 adquisitam
1425 3461 1709 3533 AEgyptiis
1751 3467 1953 3518 terram
1988 3481 2117 3529 esse,
2144 3469 2198 3518 et
2222 3462 2473 3536 fluminis
2511 3463 2754 3530 donum,-

553 3545 717 3611 atque
757 3538 919 3594 etiam
959 3557 1163 3606 eorum,
1194 3557 1310 3612 <111oe
1333 3558 1503 3614 supra
1530 3539 1672 3596 hunc
1700 3541 1876 3596 lacum
1916 3543 2025 3596 sita
2068 3547 2193 3596 sunt
2234 3542 2307 3596 ad
2354 3543 2514 3596 trium
2544 3541 2759 3598 dierum

553 3619 974 3690 navigationem,
1007 3619 1244 3674 eamdem
1271 3637 1380 3691 esse
1407 3621 1703 3686 rationem5
1740 3637 2100 3693 quamquam
2136 3619 2208 3676 de
2242 3619 2355 3676 hoc
2380 3625 2593 3676 tractu
2588 3620 2758 3676 nihil

555 3693 803 3771 amplius
831 3697 946 3752 tale
973 3697 1060 3754 illi
1085 3707 1485 3756 narraverunt.

629 3775 740 3832 Est
765 3775 919 3832 enim
958 3783 1159 3832 natura
1186 3772 1368 3868 hujus
1385 3779 1641 3850 regionis,
1668 3795 1785 3850 quae
1811 3776 2088 3851 AEgyptus
2122 3784 2367 3844 vocatur,
2394 3771 2757 3845 hujusmodi.

551 3853 820 3911 Primum
847 3853 1112 3928 quidem,
1141 3856 1275 3911 navi
1303 3873 1432 3912 eam
1472 3864 1695 3930 petens,
1722 3857 1957 3929 quando
1994 3857 2173 3912 unius
2198 3857 2379 3912 etiam
2418 3855 2533 3911 diei
2574 3872 2754 3912 cursu

553 3933 744 3988 adhuc
767 3931 1024 3990 abfueris
1051 3951 1088 3990 a
1127 3939 1298 4000 terra,
1329 3935 1378 3990 si
1405 3935 1659 3992 bolidem
1702 3934 2017 4000 demiseris,
2041 3936 2252 3992 limum
2281 3933 2575 4000 extraheS,
2604 3941 2668 3990 et
2694 3935 2754 3990 in

553 4011 824 4066 undecim
871 4013 1070 4087 orgyis
1117 4013 1264 4070 eris:
1331 4014 1488 4087 quod
1530 4013 1765 4087 quidem
1810 4013 2084 4084 ostendit,
2117 4014 2177 4070 in
2208 4021 2441 4070 tantum
2476 4012 2753 4087 progredi

554 4087 780 4145 telluris
807 4091 1228 4162 profusionem.

633 4171 688 4224 6.
726 4167 918 4243 Ipsius
947 4177 1146 4228 autem
1169 4170 1418 4248 AEgypti
1442 4171 1757 4248 longitudo
1788 4171 2113 4232 secundum
2136 4188 2301 4234 mare
2324 4175 2414 4230 est
2440 4169 2751 4246 sexaginta
