2925 4992
503 327 628 382 ³364
1039 314 1541 377 HERODOTI
1602 312 1977 374 Hls'roR.
2038 314 2171 375 VII.

515 488 560 515 “
589 488 828 539 terram.
909 477 1020 533 Est
1041 483 1236 537 autem
1287 494 1469 553 prope
1512 472 1678 531 illam
1704 474 1817 531 sita
1842 474 2061 541 insula,
2088 474 2184 531 cui
2208 490 2429 533 nomen
2460 475 2732 551 Cythera,-

512 566 560 594 ‘·'
593 559 666 615 de
692 575 809 631 qua
836 557 1052 623 Chilon,
1082 559 1174 614 vir
1201 560 1345 614 olim
1389 554 1546 629 apud
1594 569 1699 609 nos
1742 554 2225 627 sapientissimuS,
2252 554 2447 611 dicere
2476 572 2733 613 conme-

517 646 560 673 “
591 645 770 702 verat,
801 636 1008 711 ingens
1035 638 1265 694 lucrum
1293 638 1424 692 fore
1449 633 1773 707 Spartanis,
1794 634 1843 688 si
1872 650 1944 689 ea
1968 632 2161 689 insula
2186 634 2335 689 mari
2362 644 2735 710 mergeretur

519 726 560 753 “
593 717 810 790 potius,
835 734 1014 788 quam
1059 718 1362 773 emineret.
1445 712 1677 785 Nempe
1718 712 1837 777 ille,
1868 730 1987 767 non
2034 712 2239 786 utique
2286 721 2453 771 tuam
2482 716 2733 772 classem

519 804 562 831 44
595 814 668 851 ex
713 796 894 869 longo
947 802 1214 869 tempore
1265 791 1645 867 prospiciens,
1700 791 1799 846 sed
1850 790 2177 864 quamlibet
2226 808 2740 868 quorumcumque

517 882 560 907 “
593 874 902 930 hominum
945 874 1164 930 timens
1205 873 1470 936 classem,
1497 886 1725 941 semper
1748 871 1971 926 veritus
2010 879 2135 926 erat
2176 888 2249 926 ne
2274 887 2349 926 ex
2391 872 2499 927 illa
2538 872 2741 928 insula

519 960 562 987 “
593 952 710 1009 tale
737 949 1036 1024 quidpiam
1077 954 1280 1026 patriae
1321 968 1440 1007 suae
1482 946 1837 1014 immineret,
1865 948 2039 1022 quale
2078 948 2188 1005 tibi
2232 966 2347 1025 ego
2388 968 2558 1006 nunc
2600 968 2736 1024 pro-

519 1039 566 1065 “
599 1046 773 1102 pon0.
852 1030 948 1085 Ex
979 1030 1088 1087 hac
1128 1033 1313 1106 igitur
1351 1028 1549 1085 insula
1586 1027 1875 1099 impetum
1914 1026 2137 1084 faciens
2162 1036 2267 1083 tua
2290 1028 2499 1084 classis
2520 1038 2741 1087 terreat

521 1117 560 1143 “
591 1109 1102 1165 Lacedaemonios:
1131 1117 1192 1167 et
1217 1110 1324 1173 illi,
1353 1106 1589 1181 proprio
1614 1106 1985 1178 finitimoque
2006 1107 2165 1163 bello
2186 1109 2389 1179 pressi,
2416 1108 2505 1164 nil
2523 1122 2737 1164 veren-

549 1188 741 1244 ‘dum
768 1194 879 1253 est,
911 1204 982 1243 ne
1009 1190 1246 1263 reliquae
1263 1186 1528 1250 Graeciae,
1558 1202 1593 1239 a
1612 1185 1979 1258 pedestribus
1998 1186 2119 1241 tuis
2146 1187 2327 1259 copiis
2348 1197 2735 1261 oppugnatae,

517 1266 813 1322 “auxilio
835 1268 1097 1323 veniant.
1153 1266 1397 1323 Domita
1415 1272 1616 1319 autem
1640 1264 1862 1336 reliqua
1876 1264 2127 1328 Graecia,
2153 1265 2516 1321 Laconicum
2538 1282 2735 1341 genus

519 1352 562 1379 “
592 1362 696 1419 per
721 1362 782 1401 se
811 1344 1160 1419 relinquitur
1185 1344 1533 1401 invalidum.
1615 1339 1779 1398 Istud
1821 1350 2018 1399 autem
2062 1344 2123 1398 ni
2150 1343 2377 1411 feceris,
2407 1346 2524 1401 hoc
2566 1346 2733 1402 futu-

520 1430 562 1457 “
593 1442 726 1480 rum
767 1434 1054 1496 exspecta.
1135 1424 1244 1480 Est
1274 1422 1664 1495 Peloponnesi
1700 1423 1951 1477 isthmus
1992 1432 2321 1497 angustus3
2368 1424 2493 1497 quo
2530 1424 2671 1481 loco
2704 1442 2739 1481 a

525 1510 566 1535 “
599 1498 915 1572 conjuratis
965 1503 1238 1559 adversus
1291 1510 1352 1557 te
1401 1500 1675 1557 omnibus
1720 1500 2160 1572 Peloponnesiis
2214 1502 2359 1556 scito
2412 1504 2738 1559 certamina

521 1590 564 1615 44
595 1584 786 1637 multo
809 1582 1031 1638 acriora
1058 1582 1187 1648 tibi,
1215 1598 1392 1655 quam
1421 1596 1555 1653 quae
1580 1578 1771 1635 adhuc
1798 1581 1957 1635 facta
1982 1587 2140 1644 sunt,
2170 1580 2496 1635 imminere.
2566 1582 2732 1638 Istud

547 1669 736 1715 ‘vero
762 1661 812 1715 si
841 1660 1066 1727 feceriS,
1088 1662 1338 1717 isthmus
1365 1660 1466 1715 ille
1492 1665 1551 1714 et
1578 1658 1841 1715 civitates
1870 1674 2077 1714 omnes
2104 1660 2227 1714 sine
2252 1674 2463 1734 pugna
2486 1660 2549 1715 in
2572 1669 2735 1719 tuam

521 1746 566 1773 “
597 1740 805 1795 cedent
831 1742 1240 1812 potestatem.”

595 1820 734 1875 236.
776 1818 918 1873 Post
957 1818 1082 1875 baec
1121 1819 1526 1883 Achaemenes,
1561 1816 1741 1872 frater
1781 1792 2018 1887 Xerxis,
2054 1824 2113 1873 et
2150 1818 2350 1874 classi·
2362 1820 2736 1893 praeposituS,

519 1898 622 1971 qui
653 1899 806 1953 huic
821 1895 1113 1971 colloquio
1139 1899 1440 1967 intererat,
1474 1895 1693 1951 veritus
1732 1912 1807 1950 ne
1832 1895 1904 1949 ad
1944 1896 2284 1953 faciendum
2322 1898 2481 1971 quo'd
2511 1900 2736 1955 Dema-

519 1983 680 2032 ratus
723 1983 980 2031 suaserat
1034 1975 1261 2032 Xerxes
1303 1975 1699 2041 induceretur,
1749 1974 1906 2029 hune
1961 1992 2293 2032 sermonem
2342 1985 2433 2033 est
2476 1994 2737 2051 exorsus,

521 2060 565 2087 “
593 2054 762 2110 Rex!
811 2054 982 2109 video
1017 2060 1076 2109 te
1115 2072 1446 2109 sermonem
1490 2053 1795 2109 admittere
1821 2052 1957 2121 viri,
1982 2051 2085 2128 qui
2125 2062 2245 2111 tuae
2282 2056 2513 2111 invidet
2540 2052 2733 2112 ’felici-

519 2138 566 2165 “
591 2134 722 2200 tati,
767 2139 866 2187 aut
913 2128 1091 2187 etiam
1135 2133 1378 2206 prodere
1419 2146 1511 2187 res
1551 2137 1681 2188 tuas
1731 2138 1995 2188 conatur.
2075 2133 2235 2190 Nam
2280 2134 2393 2191 hoe
2437 2135 2533 2191 uti
2574 2149 2739 2191 more

521 2218 570 2244 “
596 2218 797 2268 amant
823 2211 1049 2267 Graeci.
1093 2210 1356 2267 invident
1382 2211 1511 2266 aliis
1540 2210 1617 2265 ob
1648 2208 2013 2279 felicitatem,
2042 2212 2414 2288 Oderuntque
2446 2216 2738 2287 potentio-

522 2296 568 2325 “
597 2308 705 2347 res.
762 2292 936 2351 Quod
966 2291 1016 2345 si
1042 2296 1108 2347 tu
1135 2292 1196 2346 in
1225 2290 1515 2365 praesenti·
1526 2305 1723 2345 rerum
1748 2297 1930 2356 statu,
1958 2298 2269 2365 postquam
2296 2292 2741 2369 quadringentae

516 2376 564 2403 44
593 2379 930 2426 nostrarum
959 2370 1198 2426 navium
1237 2369 1616 2443 naufragium
1644 2368 1930 2434 fecerunt,
1962 2370 2102 2426 alias
2132 2378 2423 2428 trecentas
2450 2372 2525 2428 de
2554 2374 2740 2430 classe

551 2450 886 2505 ‘dimiseris
915 2453 1046 2521 quae
1075 2450 1543 2523 Peloponnesum
1568 2448 2097 2534 circumnavigent,
2128 2462 2303 2507 erunt
2334 2446 2503 2507 nobis
2538 2451 2739 2508 hostes

525 2534 567 2561 “
525 2458 666 2584 ‘ad
700 2528 1082 2583 resistendum
1125 2546 1308 2603 pares.
1389 2524 1489 2581 Sin
1522 2522 1839 2597 conjuncta
1864 2534 2064 2583 manet
2101 2537 2301 2585 nostra
2326 2530 2553 2596 classis,
2584 2530 2739 2587 diffi-

520 2612 568 2639 44
597 2607 724 2662 cilis
765 2607 880 2662 illis
907 2608 1016 2662 erit
1049 2607 1118 2661 ad
1162 2604 1657 2681 oppugnandum,
1686 2605 2043 2679 omninoque
2080 2608 2347 2665 resistere
2387 2608 2501 2664 tibi
2542 2610 2739 2667 neuti-

517 2692 586 2719 44
595 2700 777 2758 quam
833 2690 1128 2757 poterunt.
1209 2686 1298 2741 Ad
1344 2686 1469 2741 haec
1518 2686 1808 2741 universae
1856 2686 2095 2741 navales
2134 2689 2321 2762 eopiae
2366 2688 2742 2746 terrestribus

524 2770 569 2796 “
603 2770 780 2818 erunt
805 2764 1098 2835 praesidiO,
1127 2772 1188 2820 et
1223 2771 1524 2820 terrestres
1552 2763 1735 2837 copiae
1774 2764 2100 2831 navalibus,
2126 2783 2251 2822 una
2277 2769 2387 2823 iter
2412 2767 2742 2824 facientes:

520 2847 568 2877 44
597 2858 742 2915 quos
789 2843 836 2897 si
877 2842 1203 2908 diremeriS,
1231 2858 1342 2897 nec
1386 2846 1452 2898 tu
1498 2842 1615 2898 illis
1656 2839 1816 2897 utilis
1856 2860 1982 2899 esse
2024 2846 2265 2918 poteris,
2300 2862 2409 2901 nee
2450 2845 2573 2901 illae
2612 2847 2743 2903 tibi.

515 2926 568 2953 44
597 2919 774 2983 Quod
810 2920 859 2977 si
887 2930 1005 2977 tuae
1030 2923 1282 2979 rationes
1307 2932 1461 2978 recte
1490 2928 1665 2977 erunt
1699 2921 1881 2988 initae,
1910 2922 1995 2977 sic
2022 2922 2203 2979 indue
2242 2924 2538 2991 animum,
2566 2932 2637 2982 ut
2660 2926 2747 2981 nil

521 3006 574 3036 ·“
601 3016 766 3056 cures
813 3016 904 3055 res
955 3000 1442 3067 adversariorum,
1486 3018 1601 3074 quo
1644 3000 1777 3055 loco
1826 3003 2051 3075 gesturi
2079 3002 2197 3059 sint
2236 3003 2485 3071 bellum,
2528 3005 2748 3076 quidve

517 3085 566 3115 44
595 3086 801 3153 agant,
828 3086 930 3134 aut
971 3087 1192 3152 quanta
1229 3080 1306 3134 sit
1345 3080 1584 3137 illorum
1624 3075 1963 3135 multitude.
2044 3080 2194 3137 Satis
2231 3082 2339 3156 ipsi
2370 3082 2571 3139 idonei
2606 3093 2748 3139 sunt

523 3162 570 3191 44
597 3174 733 3213 suas
779 3174 870 3213 res
914 3176 1139 3225 curare,
1183 3166 1243 3214 et
1285 3174 1392 3214 nos
1435 3166 1683 3216 nostras,
1762 3158 2195 3216 Lacedaemonii
2238 3178 2398 3226 vern,
2441 3162 2492 3217 si
2540 3170 2747 3219 contra

515 3242 568 3275 “
597 3236 844 3292 Persas'
828 3252 890 3291 ιιι
929 3254 1192 3311 pugnam
1229 3238 1701 3311 progredientur,
1732 3254 1804 3293 ne
1833 3254 2015 3295 unam
2045 3237 2281 3312 quidem
2306 3240 2459 3295 hanc
2486 3258 2744 3315 praesen-

523 3320 569 3347 44
597 3322 718 3370 tem
745 3315 970 3378 cladem
997 3315 1406 3387 reparabuntst’
2182 3348 2189 3355 ·

601 3397 737 3457 237.
781 3394 892 3449 Cui
923 3391 1146 3449 Xerxes
1189 3395 1277 3449 his
1319 3394 1515 3451 zerbis
1558 3396 1893 3469 respondit.
1950 3399 1993 3429 “
2022 3396 2442 3453 Aehaemenes!
2490 3404 2650 3455 recte
2677 3406 2745 3457 tu

516 3478 568 3504 44
599 3472 748 3529 mihi
801 3472 992 3529 dicere
1044 3474 1278 3538 videriS,
1335 3481 1511 3549 atque
1564 3474 1647 3529 ita
1699 3474 1931 3531 faciam.
2011 3474 2371 3533 Demaratus
2422 3484 2622 3533 antem
2677 3496 2748 3535 ea

517 3556 568 3583 44
593 3551 757 3616 dicit,
787 3568 920 3623 quae
943 3553 1090 3607 meis
1134 3551 1304 3607 rebus
1334 3553 1458 3625 ipse
1488 3553 1805 3609 utilissima
1820 3549 2081 3625 judicat.
2067 3578 2081 3590 ·
2127 3550 2253 3625 ejus
2279 3563 2479 3611 tamen
2506 3562 2744 3615 senten-

547 3631 678 3687 ‘tia
703 3648 738 3686 a
763 3638 868 3686 tua
897 3639 1220 3705 superatur.
1301 3632 1457 3687 Nam
1496 3628 1652 3687 istud
1695 3628 1930 3706 quidem
1974 3652 2093 3690 non
2137 3634 2410 3699 admitto,
2442 3652 2567 3691 non
2588 3635 2743 3691 bene

511 3712 565 3742 44
595 3726 736 3766 eum
783 3726 994 3781 cupere
1045 3710 1193 3766 meis
1243 3712 1454 3767 rebus·
1502 3710 1854 3768 documento
1903 3713 2122 3787 quippe
2168 3714 2317 3771 mihi
2366 3721 2509 3770 sunt
2555 3730 2742 3787 quum

513 3792 568 3823 ·“
601 3789 925 3862 superiores
969 3783 1092 3857 ejus
1138 3806 1456 3855 sermones,
1488 3797 1617 3845 tum
1662 3807 1753 3847 res
1788 3792 1931 3865 ipsa.
2026 3792 2263 3850 Etenim
2310 3792 2455 3848 civis
2498 3793 2743 3866 quidem

515 3872 569 3911 ‹“
601 3866 822 3923 imi'det
847 3867 1116 3923 felicitati
1144 3869 1308 3934 civis,
1336 3878 1395 3926 et
1421 3870 1600 3925 tacite
1642 3870 1697 3925 ei
1736 3870 2004 3927 infensus
2046 3879 2167 3928 est.
2214 3888 2322 3927 nec
2364 3870 2540 3928 facile
2566 3872 2739 3939 civiS,

550 3952 631 4004 45
655 3946 1033 4038 popularium
1061 3946 1255 4019 aliquo
1297 3945 1621 4014 consultuS,
1650 3966 1720 4004 ea
1758 3948 1848 4004 illi
1888 3968 2021 4023 quae
2060 3951 2169 4025 ipsi
2210 3950 2440 4024 optima
2466 3950 2741 4007 videntur

525 4028 572 4055 “
599 4026 869 4089 suaserit,
900 4024 1012 4081 nisi
1038 4024 1413 4097 probabiles
1400 4044 1458 4081 ιιι
1488 4028 1741 4083 xirtute
1734 4043 2089 4103 progressus
2119 4028 2353 4085 fecerit.
2400 4022 2737 4099 cujusmodi

521 4102 711 4158 “rari
739 4111 876 4159 sunt
905 4103 1192 4159 homines,
1275 4103 1509 4179 Hospes
1536 4124 1673 4161 vero
1699 4108 1915 4181 hospiti
1956 4106 2115 4165 felici
2134 4108 2733 4165 benevolentissimus

514 4186 570 4213 ·“
595 4188 702 4252 est,
728 4192 793 4238 et
819 4182 1177 4241 consultanti
1219 4183 1430 4241 lubens
1478 4186 1702 4258 optima
1746 4188 2005 4244 suaserit.
2086 4186 2298 4262 Itaque
2323 4186 2737 4245 maledicentia
