2925 4992
1086 334 1461 397 THALIA.
2261 343 2376 399 185

168 500 211 527 “
236 501 371 551 tum
416 492 721 549 universos
760 494 1075 570 AEgyptios
1128 495 1264 553 loeta
1314 497 1464 554 festa
1507 494 1858 553 celebrare.”
1937 495 2086 555 Haec
2135 498 2376 557 audiens

168 574 515 647 Cambyses,
542 576 764 631 mentiri
810 594 915 642 eos,
954 576 1071 646 ait3
1119 582 1315 650 atque,
1358 584 1426 633 ut
1466 575 1794 642 mendaces,
1835 575 2048 633 ultimo
2087 580 2376 654 supplicio

169 652 403 707 adfecit.

244 734 341 785 28.
370 728 743 796 Hisoccisis,
762 730 895 787 dein
926 730 1251 788 sacerdotes
1278 731 1339 788 in
1366 741 1752 807 conspectum
1773 734 2022 790 vocavit.
2047 734 2166 797 Qui
2187 751 2374 809 quum

168 808 373 865 eadem
418 810 737 877 dixissent3
786 810 1185 866 intellecturum
1226 828 1354 876 sese,
1394 812 1498 876 ait,
1531 828 1602 866 on
1639 814 1768 867 deus
1807 812 2006 885 aliquis
2043 832 2210 869 noanu
2247 816 2378 871 duci

166 888 429 943 adsuetus
468 889 751 943 advenerit
773 888 1073 962 AEgyptiis.
1154 890 1305 951 Quae
1348 890 1447 947 ubi
1489 889 1663 957 dixit,
1693 891 1978 947 adducere
2017 892 2088 947 ad
2131 908 2194 949 se
2219 893 2376 967 Apin

159 961 339 1035 jussit
382 966 749 1021 sacerdotes:
796 974 858 1023 et
898 969 985 1022 illi
1033 968 1305 1023 abierunt
1346 968 1669 1025 adducturi.
1753 970 1857 1025 Est
1897 986 2036 1025 vero
2071 972 2210 1045 Apis
2255 972 2372 1040 hic,

164 1045 287 1099 sive
318 1044 626 1119 Epaphus„
648 1039 942 1114 juvencus
970 1064 1041 1102 ex
1074 1062 1250 1101 vacca
1290 1056 1466 1102 natus
1493 1062 1623 1119 qua-²,
1665 1047 1894 1103 nullum
1937 1048 2121 1105 alium
2161 1048 2376 1107 dehine

165 1122 481 1195 concipere
508 1132 739 1195 partum
766 1131 996 1196 potest:
1040 1124 1359 1198 dicuntque
1384 1125 1677 1201 AEgyptii‚
1705 1126 2000 1201 fulgorem
2029 1128 2102 1184 de
2127 1130 2278 1185 coelo
2305 1130 2370 1187 in

165 1218 403 1257 vaccam
432 1202 611 1257 istam
640 1203 1001 1267 incumbere,
1030 1220 1102 1258 ex
1130 1218 1249 1277 quo
1278 1202 1377 1258 illa
1402 1204 1555 1277 Apin
1581 1213 1928 1278 conceptum
1957 1207 2162 1279 pariat.
2240 1208 2370 1265 Ha-

167 1278 263 1335 bet
288 1288 499 1335 autem
538 1280 632 1335 hie
663 1276 981 1349 juvencus,
1012 1298 1185 1354 quem
1214 1282 1363 1354 Apin
1394 1290 1628 1348 vocant,
1657 1292 1825 1339 notas
1865 1280 2236 1353 hujusmodi:
2281 1286 2374 1342 ni-

164 1374 271 1431 ger
290 1358 467 1415 color
506 1366 635 1429 est,
683 1359 781 1414 sed
826 1359 884 1414 in
926 1360 1139 1426 fronte,
1172 1362 1520 1433 quadratum
1563 1361 1802 1431 album3
1850 1362 1908 1417 in
1961 1370 2152 1439 tergo,
2181 1364 2374 1441 figura

164 1436 421 1509 aquiioe5
475 1437 536 1495 iu
564 1430 770 1503 cauda,
798 1437 903 1511 pili
930 1438 1188 1512 duplices
1209 1464 1226 1510 3
1272 1439 1331 1493 in
1355 1439 1579 1513 lingua,
1608 1441 1952 1497 scarabaeus·

238 1519 339 1572 29.
382 1516 538 1588 Apin
564 1516 667 1570 ubi
694 1515 1061 1573 adduxerunt
1084 1516 1429 1581 sacerdoteS‚
1450 1518 1790 1589 Cambyses,
1811 1518 1964 1575 haud
1989 1520 2130 1575 satis
2157 1522 2374 1577 mentis
2469 1557 2478 1565 -

164 1608 413 1667 compos
454 1594 659 1660 homo,
688 1595 891 1649 stricto
930 1596 1151 1670 gladio,
1178 1612 1363 1668 quum
1406 1604 1672 1651 ventrem
1713 1596 1914 1668 Apidis
1953 1598 2132 1653 vellet
2171 1598 2370 1665 ferire,

164 1670 367 1727 femur
404 1672 601 1741 feriit3
648 1672 962 1746 ridensque
993 1674 1319 1730 sacerdotes
1350 1673 1690 1746 adloquens,
1724 1682 1764 1705 ‘⁸
1799 1676 1853 1729 Ο
1893 1692 2072 1748 prava
2095 1676 2370 1750 capitai’·

163 1750 379 1823 inquit.
462 1757 503 1782 ‘¹
528 1749 703 1806 Tales
730 1766 873 1827 ergo
897 1761 1035 1809 sunt
1069 1752 1170 1818 dii,
1200 1752 1489 1825 sanguine
1517 1767 1802 1825 carneque
1827 1753 2118 1821 instructi,
2145 1764 2206 1811 et
2234 1755 2374 1813 ferri

162 1834 202 1859 “
224 1830 414 1884 ictum
450 1825 813 1886 sentientes?
859 1829 1093 1906 Dignus
1134 1830 1395 1904 profecto
1420 1829 1718 1904 AEgyptiis
1761 1831 1922 1888 hicce
1949 1832 2127 1889 deus!
2175 1834 2368 1890 Caete-

163 1912 203 1938 “
230 1924 369 1963 rum
400 1924 513 1963 vos
542 1923 659 1964 non
696 1901 956 1976 juvabit,
987 1910 1241 1965 ludibrio
1284 1926 1379 1965 me
1416 1907 1742 1965 habuisse.”
1827 1910 1936 1967 His
1977 1912 2168 1978 dictis,
2189 1907 2374 1981 jussit

162 1984 267 2041 hos
309 1985 532 2058 quibus
570 1985 631 2041 id
670 1984 897 2060 negotii
934 1988 1278 2043 mandatum
1310 1995 1418 2050 est,
1454 1984 1703 2061 flagellis
1743 1989 1964 2045 credere
2001 1993 2366 2064 sacerdotem

161 2063 529 2137 reliquorum
571 2080 711 2119 vero
738 2064 1160 2139 AEgyptiorum
1200 2082 1628 2139 quemcumque
1669 2067 1823 2123 nacti
1861 2068 2112 2125 fuissent
2151 2070 2369 2129 festum

162 2142 586 2209 celebrantem,
611 2142 894 2198 occidere.
935 2144 1032 2200 lta
1056 2144 1191 2200 festi
1218 2144 1339 2199 dies
1367 2142 1542 2199 finem
1567 2144 1823 2201 habuere
1849 2146 2006 2218 apud
2029 2146 2368 2221 AEgyptios,

156 2229 213 2277 et
238 2222 582 2279 sacerdotes
614 2221 845 2277 multati
888 2230 1041 2278 sunt.
1121 2223 1263 2295 Apis
1290 2238 1449 2288 vere,
1477 2238 1786 2295 percussus
1827 2223 2038 2291 femur,
2065 2227 2372 2285 contabuit

161 2300 217 2356 in
242 2298 481 2374 templo
496 2295 737 2370 jacens:
769 2316 969 2373 quem,
998 2295 1301 2357 mortuum
1330 2316 1402 2355 ex
1424 2300 1683 2367 vulnere,
1703 2301 2026 2359 sacerdotes
2051 2304 2204 2360 clam
2229 2322 2370 2383 rege

158 2378 583 2452 sepeliverunt.

228 2462 337 2513 30.
372 2456 703 2531 'Cambyses
731 2474 893 2524 vero,
914 2466 984 2514 ut
1008 2459 1171 2516 aiunt
1188 2456 1480 2535 AEgyptii,
1509 2478 1542 2517 e
1565 2461 1814 2537 vestigio
1841 2468 2078 2535 propter
2101 2462 2366 2537 iniquum

158 2534 305 2593 illud
336 2534 574 2591 facinus
600 2535 803 2591 furore
823 2536 939 2593 fuit
964 2544 1283 2611 correptae,
1310 2556 1493 2611 quum
1523 2558 1598 2595 ne
1621 2550 1753 2597 ante
1781 2540 1840 2596 id
1867 2550 2099 2613 tempus
2131 2543 2368 2617 quidem

158 2615 299 2672 satis
328 2630 577 2687 compos
606 2614 815 2670 fuisset
844 2617 1071 2671 mentis.
1150 2616 1246 2672 Et.
1268 2619 1528 2689 primum
1545 2620 1810 2691 quidem,
1838 2629 1972 2693 post
1995 2620 2165 2686 illud,
2195 2622 2368 2697 flagi·

158 2693 309 2749 tium
340 2694 404 2747 in
432 2692 676 2749 fratrem
706 2695 1001 2749 commisit
1028 2694 1317 2761 Smer-din,
1345 2697 1445 2769 qui
1471 2698 1678 2753 eodem
1701 2706 1866 2771 patre
1891 2698 2210 2773 eademque
2239 2718 2370 2757 ma·

156 2778 241 2827 tre
268 2778 401 2828 erat
430 2778 628 2827 natus.
710 2772 887 2828 Hune
914 2788 989 2827 ex
1018 2770 1275 2847 AEgypto
1317 2774 1375 2830 in
1402 2774 1607 2831 'Persas
1645 2775 1870 2833 dimisit
1913 2794 2017 2851 per
2055 2778 2364 2847 invidiam,

156 2850 315 2921 quod
356 2866 589 2915 arcum,
632 2866 805 2922 quem
848 2850 925 2906 ab
962 2850 1247 2924 AEthiope
1289 2852 1493 2909 datum
1535 2854 1964 2929 Ichthyophagi
2009 2856 2364 2925 adtulerunt,

156 2928 253 2984 ille
294 2946 455 2985 unus
478 2944 551 2983 ex
585 2927 771 2983 Persis
810 2929 883 2985 ad
922 2929 1071 2985 duos
1111 2929 1319 2986 saltem
1366 2932 1488 2987 fere
1527 2932 1747 3007 digitos
1781 2932 2149 3000 adtraxisset,
2177 2952 2366 3009 quum

156 3007 565 3082 relinquorum
595 3006 904 3063 Persarum
946 3008 1143 3064 nullus
1180 3008 1237 3063 id
1278 3017 1554 3081 praestare
1594 3011 1895 3083 potuisset.
1972 3012 2152 3079 Dein,
2181 3031 2365 3086 quum

155 3085 215 3141 in
238 3086 457 3142 Persas
480 3100 745 3141 reversus
768 3086 1023 3141 smerdis
1044 3094 1215 3151 esset,
1234 3088 1423 3144 visum
1444 3088 1762 3161 Cambyses
1789 3106 1893 3161 per
1912 3104 2192 3146 somnum
2217 3091 2368 3151 vidit

154 3161 524 3236 hujusmodi.
604 3163 781 3219 Visus
828 3164 913 3218 illi
963 3172 1051 3221 est
1098 3166 1353 3221 nuncius
1394 3184 1470 3221 ex
1511 3166 1746 3223 Perside
1781 3167 2028 3224 veniens
2068 3170 2362 3239 nunciare,

156 3242 417 3299 Smer-din
462 3248 523 3297 in
569 3242 705 3297 sella
746 3244 901 3313 regia
938 3244 1227 3309 sedentem,
1268 3246 1447 3317 capite
1487 3246 1675 3306 coelum
1715 3247 1968 3317 tetigisse.
2047 3248 2244 3309 Quam
2281 3249 2364 3307 ob

155 3338 427 3378 caussam
457 3320 571 3376 sibi
598 3320 834 3385 timeae,
860 3336 932 3375 ne
957 3338 1020 3377 se
1038 3322 1231 3383 occiso
1259 3340 1510 3397 regnum
1533 3332 1784 3397 occupet
1813 3324 2011 3391 frater,
2029 3324 2362 3401 Prexaspen

154 3400 215 3455 in
244 3400 459 3456 Persas
484 3398 690 3463 mittit,
720 3398 815 3454 cui
846 3399 1150 3455 Persarum
1176 3403 1497 3457 maximam
1523 3402 1698 3457 fidem
1729 3400 2000 3470 habebat,
2027 3404 2168 3461 dato
2192 3424 2364 3463 man·

154 3476 297 3534 dato
318 3486 395 3535 ut
426 3477 599 3533 illum
626 3478 871 3541 occidat.
952 3477 1031 3533 Et
1057 3478 1373 3552 Prexaspes
1400 3477 1547 3534 Susa
1586 3479 1882 3552 profectus
1923 3480 2134 3540 occidit
2160 3486 2362 3541 Smer-

154 3555 273 3623 din,
302 3558 434 3612 sive
458 3562 741 3610 venatum
768 3556 1073 3622 eductum,
1098 3565 1167 3613 ut
1194 3558 1291 3613 alii
1320 3559 1522 3630 aiunt3
1568 3558 1712 3626 sive,
1741 3566 1810 3614 ut
1837 3559 1960 3627 alii,
1987 3561 2061 3617 ad
2088 3560 2370 3621 Rubrum

153 3634 479 3691 deductum
514 3649 692 3699 mare,
718 3642 777 3690 et
804 3634 863 3688 in
892 3651 965 3689 eo
986 3634 1337 3693 demersum.

230 3718 331 3770 31.
375 3712 579 3769 Primo
616 3712 731 3770 hoc
760 3712 1019 3768 facinore
1054 3714 1118 3769 in
1160 3714 1401 3774 fratrem
1424 3714 1704 3783 admisso,
1729 3716 1978 3774 alterum
2007 3717 2068 3776 in
2099 3736 2360 3777 sororem

155 3792 433 3867 patravit,
460 3790 783 3864 quasillum
812 3792 871 3845 in
898 3790 1384 3867 AEgyptumerat
1410 3803 1629 3861 secuta,
1656 3812 1952 3869 quamque
1977 3798 2184 3853 habuit
2213 3814 2362 3853 uxo·-

155 3889 301 3940 rem,
328 3886 521 3946 quum
550 3876 673 3925 tam
702 3886 737 3923 a
758 3877 942 3943 patre,
972 3888 1151 3942 quam
1180 3888 1215 3926 a
1240 3880 1446 3938 matre,
1479 3890 1642 3929 soror
1667 3870 1792 3945 ejus
1819 3882 1991 3930 esset.
2056 3876 2128 3931 Iu
2153 3877 2360 3933 matri-

155 3952 426 4007 monium
446 3955 651 4004 autem
676 3962 807 4003 eam
829 3947 933 4003 tali
962 3949 1139 4005 modo
1160 3949 1426 4015 duxerat,
1450 3968 1636 4023 quum
1663 3962 1835 4009 antea
1860 3954 2200 4027 neutiquam
2229 3972 2360 4012 mo..

154 4030 229 4085 ris
254 4030 471 4085 fuisset
495 4026 655 4099 apud
681 4025 906 4092 PersaS,
934 4042 1160 4084 sorores
1188 4027 1247 4083 in
1280 4030 1725 4087 matrimonium
1753 4030 1980 4087 ducere.
2065 4030 2258 4090 Unius
2283 4052 2361 4092 ex

152 4108 453 4164 sororibus
480 4106 605 4163 suis
632 4112 838 4177 captus
869 4112 992 4160 erat
1023 4121 1258 4162 amore:
1300 4123 1474 4180 quam
1503 4126 1689 4181 quum
1715 4119 1952 4183 cuperet
1978 4111 2358 4169 matrimonio

153 4186 259 4243 sibi
291 4182 575 4263 jungere,
604 4190 917 4259 nossetque
944 4194 1147 4243 contra
1186 4202 1410 4249 morem
1453 4186 1579 4245 fore
1607 4187 1915 4246 Persarum
1941 4188 1987 4245 si
2016 4188 2073 4247 id
2116 4191 2364 4259 faceret,‘
