2925 4992
999 306 1504 369 POLYMNIA.
1810 326 1817 333 ·
2244 310 2360 364 323
2448 274 2455 281 ⁵

203 454 430 517 detracta
472 478 601 519 cum
651 464 890 523 auribus
941 474 999 523 et
1036 463 1205 538 juba,
1248 469 1334 526 ita
1374 475 1441 525 ut
1482 467 1607 543 ipsa
1625 462 1775 537 juba
1810 482 1921 539 pro
1966 462 2142 522 crista
2183 470 2357 531 esset,

177 526 347 593 ‘aures
371 546 548 596 autem
581 544 715 617 equi
747 554 962 603 erectae
1003 557 1258 605 starent:
1305 564 1412 621 pro
1460 546 1644 604 scutis
1686 552 1909 612 autem,
1938 560 2154 621 gruum
2184 542 2357 617 pelli-

205 614 297 671 bus
320 634 542 691 corpora
566 622 858 697 tegebant.
1984 634 1989 637 '

265 696 347 750 71.
386 696 502 753 Afri
529 700 776 773 pellibus
803 701 994 761 induti
1016 704 1384 771 incedebant,
1404 700 1619 775 jaculis
1639 707 1869 759 utentes
1898 700 2137 758 adustis.
2212 698 2356 757 Dux

204 786 378 830 eorum
403 774 698 853 Massages
725 780 858 848 fuit,
891 784 1091 838 Oarizi
1121 784 1293 840 filius.

263 856 348 913 72.
381 852 776 933 Paphlagones
803 862 1140 917 militabant
1191 862 1255 918 in
1303 862 1495 935 capite
1534 860 1735 937 galeas
1773 866 2073 935 gestantes
2116 858 2353 933 plexas:

204 935 345 984 scuta
374 932 582 992 eisdem
615 938 830 1011 exigua
855 948 1038 1005 erant,
1067 949 1125 995 et
1151 940 1334 995 hastae
1370 958 1494 996 non
1530 957 1796 1015 magnae;
1842 938 2045 995 adhaec
2074 936 2274 1010 jacula
2300 941 2363 992 et

198 1008 486 1081 pugiones}
531 1015 772 1087 pedibus
802 1012 1056 1074 inducta}
1081 1019 1306 1093 caligae,
1337 1020 1406 1074 ad
1437 1019 1691 1073 mediam
1732 1018 1940 1073 tibiam
1981 1016 2365 1074 adscendunt.

197 1082 385 1161 Ligyes
411 1098 468 1145 et
490 1092 731 1149 Matieni
762 1103 821 1151 et
861 1096 1234 1170 Mariandyni
1263 1106 1323 1152 et
1351 1097 1480 1171 Syri
1512 1097 1661 1171 [sive
1690 1094 1875 1172 syrii]
1915 1096 2119 1152 eodem
2160 1094 2359 1157 mod0‚

198 1172 349 1236 atque
385 1167 809 1247 Paphlagones‚
851 1174 1125 1231 instructi
1157 1176 1503 1231 militabant.
1586 1174 1713 1245 Syri
1752 1190 1951 1231 autem
1990 1173 2051 1230 hi
2094 1194 2129 1231 a
2167 1173 2358 1229 Persis

197 1244 535 1317 Cappadoces
562 1260 868 1308 vocantur.
951 1253 1028 1309 Et
1055 1255 1176 1309 dux
1211 1254 1448 1326 quidem
1476 1252 1926 1326 Paphlagonum
1968 1261 2027 1308 et
2065 1252 2363 1309 Matieno-

196 1336 329 1387 rum,
355 1322 537 1383 Dotus
567 1329 704 1395 fuit,
735 1331 1055 1405 Megasidri
1082 1333 1236 1388 filius
1259 1357 1276 1403 3
1323 1332 1839 1403 Maryandinorum
1858 1349 1996 1387 vero
2023 1340 2079 1388 et
2100 1330 2363 1406 Ligyum

197 1406 246 1454 et
268 1400 547 1473 Syrorum,
579 1408 870 1484 Gobryas‚
899 1410 1064 1467 Darii
1095 1410 1248 1466 filius
1277 1418 1335 1465 et
1369 1411 1674 1465 Aristonae.

259 1481 343 1539 73.
382 1480 638 1563 Phryges
681 1488 948 1544 similiter
990 1496 1165 1563 atque
1210 1490 1615 1563 Paphlagones
1663 1496 1826 1543 erant
1872 1488 2101 1552 armati,
2148 1484 2365 1561 exigua

194 1553 503 1618 differentia.
593 1564 726 1629 Hic,
762 1566 1040 1639 popquS,
1089 1577 1156 1622 ut
1193 1566 1550 1623 Macedones
1592 1565 1919 1631 adfirmant,
1970 1565 2253 1638 quamdiu
2304 1564 2367 1619 in

192 1632 404 1711 Europa
453 1658 592 1697 cum
646 1643 1075 1701 Macedonibus
1131 1646 1432 1714 habitavit,
1491 1644 1697 1719 Briges
1752 1646 2198 1700 nominabatur:
2262 1642 2364 1716 qui

191 1722 469 1789 postquam
498 1722 560 1777 in
587 1721 783 1778 Asiam
831 1724 1204 1790 transierunt,
1234 1732 1463 1780 mutato
1508 1724 1746 1779 nomine
1791 1721 2050 1797 Phryges
2092 1738 2218 1777 sese
2264 1720 2367 1775 ad-

190 1792 468 1863 pellarunt.
547 1800 830 1867 Armenii,
869 1798 1168 1878 Phrygum
1211 1802 1428 1867 coloni,
1459 1801 1665 1857 eodem
1706 1802 1883 1856 modo
1924 1818 2041 1874 quo
2083 1800 2366 1874 PhrygeS,

191 1869 431 1929 instructi
461 1886 645 1934 erant.
724 1880 1027 1937 Ambobus
1054 1880 1235 1936 simul
1261 1886 1505 1954 praeerat
1528 1880 1893 1949 ArtochmeS,
1930 1880 2092 1936 Darii
2119 1896 2317 1955 gener.

255 1954 292 2012 '7
295 1957 342 2008 4.
379 1952 684 2029 Lydorum
709 1972 1007 2015 armatura
1033 1960 1334 2015 simillima
1363 1958 1721 2015 Graecanicae
1760 1967 1899 2014 erat.
1981 1958 2153 2030 Lydi,
2181 1974 2369 2031 quum

190 2027 313 2114 plim
338 2031 596 2093 Maeones
623 2036 876 2094 fuissent
919 2038 1232 2103 nominati,
1262 2038 1477 2093 deinde
1516 2056 1551 2093 a
1589 2037 1756 2112 Lydo
1784 2038 1947 2113 Atyis
1990 2037 2111 2094 filio
2151 2050 2369 2094 nomen

188 2122 524 2171 invenerunt.
629 2114 785 2189 Mysi
825 2117 887 2171 in
931 2118 1120 2191 capite
1171 2117 1369 2191 galeas
1415 2114 1727 2191 gestabant
1762 2118 1853 2171 sui
1892 2117 2144 2191 gene-ris,
2188 2113 2371 2171 scutis

189 2190 394 2245 utentes
421 2192 718 2258 brevibuS‚
738 2189 954 2261 jaculis
981 2196 1263 2269 praeustis,
1339 2195 1645 2269 Lydorum
1675 2194 1736 2249 hi
1762 2203 1898 2249 sunt
1948 2195 2161 2257 coloni,
2191 2200 2250 2249 et
2294 2192 2371 2249 ab

189 2262 418 2341 Olympo
439 2285 645 2327 monte
671 2272 1012 2345 Olympieni
1041 2280 1341 2329 vocantur.
1411 2272 1593 2343 Lydis
1608 2272 1908 2346 Mysisque
1935 2279 2179 2345 praeerat
2201 2272 2372 2327 Arta-

185 2340 428 2415 phernes,
455 2350 839 2424 Artaphernis
857 2352 1013 2407 illius
1042 2352 1216 2417 filius,
1247 2348 1347 2423 qui
1373 2368 1511 2405 cum
1541 2350 1681 2405 Dati
1698 2350 2109 2408 Marathonem
2136 2350 2369 2404 invasit.

255 2426 342 2480 75.
369 2426 625 2484 Thraces
647 2430 967 2486 militantes
991 2438 1164 2503 caput
1181 2428 1331 2503 pelle
1359 2429 1599 2502 vulpina
1625 2435 1841 2484 tectum
1871 2428 2188 2492 habebant,
2218 2428 2373 2485 eirca

187 2516 376 2576 corpus
401 2509 664 2563 tunicam
713 2518 771 2563 et
804 2506 1016 2564 tunicae
1055 2507 1536 2582 superinductum
1562 2522 1772 2582 sagum
1800 2508 2170 2581 variegatum
2195 2521 2229 2573 ε,
2254 2506 2369 2561 cir—

187 2595 305 2637 cum
331 2585 499 2655 pedes
529 2592 590 2641 et
619 2604 786 2642 crura
812 2588 1032 2662 caligas
1073 2606 1145 2643 ex
1185 2587 1576 2642 hinnulorum
1616 2586 1811 2642 corio:
1859 2587 2057 2642 adhaec
2091 2581 2289 2654 jacula
2314 2592 2374 2645 et

187 2659 353 2728 peltas
393 2673 452 2721 et
489 2666 696 2720 breves
745 2667 1048 2740 pugiones.
1131 2666 1232 2731 Hi,
1277 2673 1589 2738 postquam
1620 2666 1696 2720 'in
1741 2666 1940 2721 Asiam
1994 2664 2373 2730 transierunt,

185 2734 408 2811 Bithyni
435 2743 725 2799 nominati
753 2752 890 2800 sunt
917 2769 932 2814 3
981 2745 1137 2817 prius
1166 2761 1326 2808 vero,
1356 2753 1424 2798 ut
1451 2744 1564 2815 ipsi
1604 2744 1789 2809 aiunt,
1822 2743 2159 2817 Strymonii,
2187 2760 2373 2815 quum

188 2816 248 2869 ad
275 2813 640 2895 Strymonem
667 2822 1032 2879 habitassent
1061 2845 1072 2877 ε
1121 2821 1352 2877 sedibus
1391 2822 1513 2876 suis
1554 2829 1750 2876 autem
1778 2824 1976 2895 pulsos
2003 2822 2185 2877 fuisse
2211 2820 2377 2876 aiunt

185 2910 254 3027 {a
239 2894 464 2956 Teucris
493 2906 560 2955 et
585 2900 786 2976 Mysis.
866 2900 1186 2957 Thracibus
1214 2900 1304 2956 his
1331 2900 1595 2955 Asiaticis
1622 2899 1856 2973 praefuit
1882 2902 2176 2965 BassaceS,
2204 2900 2375 2956 Arta-

255 2974 306 3029 ni
333 2978 506 3036 filius„
2217 2992 2223 2997 “

256 3056 344 3111 76.
389 3056 761 3131 [Chalybes-P]
814 3074 1042 3131 parmas
1090 3058 1376 3113 habebant
1417 3058 1667 3133 exiguas
1704 3074 1773 3113 ex
1822 3057 2039 3111 bovino
2084 3056 2263 3121 corio,
2316 3062 2378 3112 et

183 3127 317 3189 bina
365 3138 616 3209 quisque
665 3135 955 3193 venabula
996 3134 1164 3211 Lycii
1213 3138 1402 3209 operis
1424 3162 1439 3207 3
1493 3138 1779 3209 capitibus
1828 3136 2130 3209 impositas
2179 3134 2377 3209 galeas

189 3226 384 3282 aeneaS,
413 3224 470 3269 et
501 3232 679 3287 super
706 3216 797 3278 his
841 3234 1006 3271 aures
1049 3224 1105 3270 et
1138 3232 1359 3270 cornua
1388 3216 1561 3271 bovis
1589 3234 1660 3271 ex
1688 3232 1819 3279 aere,
1847 3214 2106 3291 itemque
2132 3215 2372 3269 cristas:

184 3288 344 3347 tibias
374 3289 574 3349 fasciis
604 3294 905 3367 purpureis
929 3294 1222 3351 habebant
1247 3294 1561 3351 involutas.
1602 3293 1771 3372 Apud
1804 3293 1963 3351 hunc
1982 3294 2267 3370 populum
2290 3299 2381 3349 est

183 3364 379 3427 Martis
409 3370 738 3428 oraculum.

253 3450 347 3512 77.
387 3450 746 3507 Cabelenses
781 3448 1066 3516 MaeoneS,
1094 3452 1194 3524 qui
1237 3451 1478 3531 Lasoqii
1506 3458 1811 3515 vocantur,
1842 3450 2045 3506 eodem
2088 3468 2203 3525 quo
2234 3451 2379 3507 Cili-

184 3540 267 3581 ces
318 3530 486 3585 cultu
535 3538 703 3584 erant
753 3530 1060 3599 instructi5
1108 3548 1282 3603 quern
1327 3530 1554 3585 cultum
1598 3538 1737 3583 tunc
1778 3528 2066 3594 indicabo,
2094 3548 2273 3603 quum
2319 3532 2381 3585 in

183 3608 558 3663 enarrationis
589 3603 764 3676 hujus
791 3610 996 3664 ordine
1021 3608 1092 3663 ad
1121 3610 1330 3665 Cilices
1359 3624 1693 3680 pervenero·
1748 3606 1950 3679 Milyae
1975 3608 2171 3664 brevia
2200 3609 2380 3664 habe·
2417 3656 2427 3666 .

182 3680 312 3739 bant
359 3685 608 3759 spicula,
639 3694 697 3741 et
743 3695 934 3759 vestes
979 3686 1176 3747 fibulis
1221 3686 1601 3755 substrictas;
1650 3686 1916 3741 nonnulli
1969 3704 2172 3742 eorum
2214 3702 2381 3742 arcus

180 3759 474 3819 habebant
501 3763 749 3839 Lycios3
796 3766 987 3837 capita
1011 3766 1191 3836 galeis
1223 3774 1376 3821 tecta
1413 3765 1707 3822 coriaceis.
1790 3763 1902 3819 His
1928 3766 2205 3821 omnibus
2230 3782 2381 3839 prae-

181 3837 289 3898 fuit
315 3842 560 3908 Badres,
589 3841 872 3915 Hystanis
901 3842 1074 3902 filius,

253 3924 352 3979 ⁰78.
391 3922 660 3977 Moschis
709 3922 923 3997 ligneae
965 3929 1136 3977 erant
1181 3922 1384 3997 galeae,
1429 3940 1647 3995 parmae
1695 3927 1753 3977 et
1794 3922 1976 3978 hastae
2013 3920 2238 3985 breveS,
2283 3922 2384 3979 sed

182 3994 398 4055 ferrum
431 4001 732 4055 hastarum
776 4002 1166 4077 praelongum.
1244 4000 1524 4055 Tibareni
1552 4008 1609 4056 et
1633 4000 1943 4057 Macrones
1967 4006 2025 4053 et
2050 3996 2382 4074 Mosynoeci

182 4077 518 4135 militabant
547 4074 818 4135 similiter
857 4088 1032 4153 atque
1071 4079 1305 4135 Moschi
1345 4080 1572 4135 armati.
1656 4077 2020 4134 ordinabant
2048 4076 2383 4135 hos‘autem

181 4152 244 4211 hi
287 4156 504 4217 dueesz
548 4156 832 4215 Moschos
865 4168 925 4215 et
957 4158 1280 4216 'i'ibarenos
1307 4156 1705 4226 Ariomardus,
1730 4156 1898 4214 Darii
1939 4156 2095 4213 filius
2132 4164 2195 4216 et
2240 4156 2389 4213 Par-·

1203 4238 1244 4294 2
1271 4253 1308 4291 'r
1332 4238 1372 4293 2
