2925 4992
1058 306 1542 372 CALLIOPE.
1581 332 1588 337 ·
2290 320 2412 389 ⁴0⁷

197 472 245 501 “
270 482 411 523 eum
454 480 527 522 eo
564 465 943 543 paciscemur.
1023 465 1119 523 Ita
1162 460 1459 544 quidquid
1488 490 1524 527 a
1569 470 1736 530 nobis
1788 477 2079 551 proficisci
2103 486 2320 555 potest,
2343 480 2410 541 id

198 552 245 579 “
276 543 725 602 sincero‘animo
750 546 1069 615 tribuimus
1094 546 1354 607 Graecioe.
1434 554 1493 607 ⁷.
1517 555 1574 607 2.
1616 555 1692 609 At
1715 569 1842 623 vos,
1869 559 1970 629 qui
2015 576 2206 633 nuper
2228 562 2408 619 vehe-

196 630 247 657 “
276 622 643 681 meritissime
683 622 1036 680 metuebatis
1073 644 1147 681 ne
1184 643 1324 683 cum
1356 627 1538 686 Persa
1563 633 2003 705 pacisceremur,
2029 656 2210 711 nunc,
2249 648 2410 715 post-

196 709 247 735 “
276 720 455 777 quam
486 704 869 759 constitutum
900 703 1079 775 ⁴nobis
1123 722 1247 783 esse
1280 723 1606 783 numquam
1653 713 1894 786 prodere
1945 716 2231 775 Graeciam
2279 736 2410 793 per-

196 788 246 815 “
276 784 482 857 spicue
524 781 921 847 intellexistis,
946 790 1007 837 et
1048 785 1326 859 quoniam
1373 804 1579 843 murus
1621 799 1833 859 vester,
1863 810 2038 866 quem
2084 795 2146 851 in
2178 796 2408 855 Isthmo

196 866 241 895 “
268 860 507 929 ducitis,
529 876 710 936 prope
738 860 1045 916 absolutus
1089 872 1197 929 est,
1227 882 1299 919 ne
1340 865 1527 939 ullam
1559 868 1802 941 'quidem
1847 872 2133 930 rationem
2178 876 2408 934 habetis

195 944 243 973 “
267 940 753 996 Atheniensium:
798 947 877 1002 et,
908 947 1218 1013 postquam
1264 943 1429 999 vobis
1477 946 1782 1003 nobiscum
1811 953 2091 1008 convenit
2131 968 2408 1011 occursu-

195 1024 247 1051 “
264 1035 375 1074 -ros
403 1036 509 1073 vos
539 1019 728 1074 Persae
750 1018 815 1072 in
846 1016 1159 1085 Boeotiam,
1191 1018 1525 1093 prodidistis
1567 1042 1691 1093 nos,
1717 1035 1780 1082 et
1807 1027 2132 1089 Barbarum
2161 1032 2222 1089 in
2253 1034 2407 1091 Atti-

194 1102 243 1129 “
269 1114 407 1153 cam
436 1096 813 1153 invadentem
858 1112 979 1152 non
1012 1098 1415 1171 prohibuistis.
1497 1102 1738 1161 Habent
1775 1106 1958 1181 igitur
1997 1108 2057 1165 in
2097 1114 2411 1183 praesentia

194 1182 243 1207 “
271 1176 663 1234 Athenienses
712 1174 866 1249 quod
916 1176 1097 1232 vebis·
1128 1188 1551 1237 succenseantz
1617 1200 1728 1240 nec
1767 1186 1927 1242 enim
1971 1196 2126 1245 recte
2168 1191 2409 1250 fecistis·

195 1259 246 1287 “
274 1255 359 1311 At
384 1270 549 1310 nune
577 1270 682 1309 vos
722 1255 1052 1321 hortantur,
1079 1264 1147 1312 ut
1184 1274 1365 1332 ocyus
1394 1261 1702 1319 nobiscum
1731 1264 2010 1321 emittatis
2057 1270 2404 1337 exercitum,

196 1339 243 1365 “
274 1347 397 1407 quo
425 1332 755 1389 Barbarum
782 1334 1139 1407 excipiamus
1180 1336 1243 1391 in
1285 1337 1498 1395 Attica.
1576 1341 1879 1402 Quoniam
1919 1346 2074 1400 enim
2113 1346 2410 1407 Boeotiam

191 1418 244 1445 “
276 1412 341 1467 in
371 1420 635 1485 tempore
664 1428 787 1467 non
814 1415 1256 1484 occupavimus,
1284 1423 1374 1472 est
1400 1416 1638 1490 quidem
1665 1428 1868 1477 nostra
1903 1424 1966 1477 in
2009 1432 2164 1481 terra
2195 1444 2410 1503 oppor-

192 1496 245 1523 “
277 1482 733 1547 tunissimus'ad
762 1490 1025 1563 praelium
1054 1492 1391 1550 faciendum
1420 1497 1605 1563 locus,
1633 1498 1938 1556 Thriasius
1963 1510 2260 1578 campus.”

278 1572 339 1625 8.
384 1566 499 1625 His
527 1570 761 1635 auditis,
788 1569 994 1643 ephori
1034 1575 1465 1643 responsumin
1493 1583 1794 1648 posterum
1835 1579 1992 1636 diem
2031 1582 2405 1653 distulerunt,

190 1656 348 1705 tunc
372 1655 608 1721 postero
636 1647 731 1703 die
764 1648 829 1703 in
880 1659 1241 1721 sequentem,
1272 1660 1449 1728 atque
1475 1654 1559 1709 ita
1585 1670 1772 1729 usque
1819 1658 1882 1713 in
1925 1660 2221 1719 decimum
2249 1664 2405 1721 diem

186 1727 489 1792 fecerunt,
514 1726 587 1781 de
614 1726 709 1782 die
735 1726 797 1783 in
826 1724 981 1782 diem
1011 1744 1203 1783 moras
1244 1729 1553 1787 facientes.
1649 1734 1884 1792 Interea
1925 1741 2209 1813 temporis·
2233 1742 2404 1799 Pe10.·

188 1806 468 1879 ponnesii
493 1822 699 1861 omnes
726 1805 953 1880 ingenti
972 1808 1168 1862 studio
1195 1807 1490 1866 Isthmum
1521 1813 1756 1868 munire
1790 1816 2141 1891 pergebant,
2169 1826 2230 1877 et
2255 1838 2404 1896 opus

182 1882 319 1956 jam
352 1884 619 1958 proxime
645 1882 823 1939 finem
851 1890 993 1940 erat.
1079 1884 1173 1952 Et,
1203 1887 1361 1959 quod
1388 1888 1842 1961 Lacedaemonii,
1871 1911 2052 1967 quum
2085 1898 2409 1959 Alexander

184 1962 452 2021 Macedo
495 1962 757 2019 Athenas
782 1962 1063 2028 venisset,
1094 1970 1257 2021 tanto
1304 1966 1500 2023 studio
1545 1970 1826 2041 impedire
1873 1976 2072 2030 conati
2111 1978 2236 2035 sint
2287 1996 2406 2054 quo

171 2043 403 2101 minus
428 2041 742 2098 Med-orum
788 2048 980 2113 partes
1017 2043 1510 2115 amplecterentur
1536 2048 1936 2118 AthenienseS,
1968 2069 2128 2111 nunc
2177 2050 2316 2114 vero
2343 2060 2404 2117 id

186 2136 437 2196 prorsus
486 2136 606 2176 non
652 2120 935 2186 curarint,
974 2121 1195 2197 nullam
1250 2120 1422 2179 aliam
1466 2125 1638 2181 edere
1677 2146 1944 2185 caussam
1997 2150 2258 2205 possum,
2287 2139 2406 2196 nisi

186 2199 355 2275 quod
386 2216 543 2255 nunc
570 2200 859 2255 munitum
888 2199 1221 2256 hahuerunt
1262 2202 1583 2269 Isthmum,
1611 2222 1718 2261 nec
1744 2224 1806 2261 se
1845 2210 2100 2281 amplius
2139 2214 2404 2289 indigere

183 2278 655 2337 Atheniensibus
691 2278 1135 2334 existimaruntt
1178 2281 1410 2353 quando
1448 2298 1590 2337 vero
1631 2284 1692 2339 in
1729 2284 1986 2341 Atticam
2025 2290 2189 2345 venit
2229 2294 2404 2351 Alexs

186 2357 403 2424 ander,
431 2356 697 2412 nondum
723 2358 989 2412 munitus
1012 2363 1135 2411 erat
1163 2374 1391 2424 muruS,
1420 2360 1520 2415 sed
1545 2378 1696 2435 opus
1721 2362 1897 2419 etiam
1921 2371 2068 2423 tunc
2089 2368 2400 2441 faciebant,

182 2438 574 2493 vehementer
594 2441 923 2491 metuentes
949 2434 1259 2493 Barbaros,
1909 2456 1914 2463 ·
2279 2464 2284 2469 ·
2338 2456 2344 2459 ·

274 2520 332 2573 9.
374 2515 463 2571 Ad
506 2521 830 2569 extremum
873 2530 1035 2579 vero,
1064 2521 1134 2571 ut
1160 2524 1593 2592 etresponsum
1621 2523 1832 2598 legatis
1859 2523 2312 2601 Lacedaemonii,
2343 2542 2404 2590 et

186 2594 420 2651 milites
469 2590 885 2649 Atheniensibus
926 2594 1133 2649 auxilio
1174 2597 1502 2667 mitterent,
1549 2601 1659 2658 hac
1707 2604 1932 2661 ratione
1979 2605 2249 2665 effectum
2281 2618 2404 2669 est.

187 2671 397 2731 Pridie
444 2666 569 2741 ejus
614 2672 727 2727 diei
771 2688 889 2745 quo
930 2670 1201 2729 ultimam
1242 2677 1398 2749 apud
1442 2679 1695 2752 ephoros
1739 2682 2104 2742 audientiam
2150 2686 2406 2747 habituri

184 2750 383 2826 legati
426 2758 613 2816 erant,
644 2750 908 2816 Chilaus‘,
937 2750 1077 2807 civis
1103 2750 1417 2827 Tegeates,
1445 2758 1549 2831 qui
1582 2756 1640 2814 in
1673 2762 1932 2819 maxima
1957 2780 2078 2835 prae
2104 2766 2232 2823 aliis
2275 2784 2406 2827 om-

186 2830 381 2897 nibus
422 2827 749 2903 hospitibus
794 2831 1141 2887 auctoritate
1169 2833 1323 2905 apud
1348 2834 1824 2895 Lacedaemonios
1865 2851 2013 2907 erat,
2057 2861 2130 2899 ex
2170 2846 2404 2922 ephoris

188 2926 534 2965 sermonem
576 2925 840 2973 omnem,
890 2926 1061 2982 quem
1109 2910 1435 2969 habuerant
1475 2916 1886 2993 Athenienses,
1930 2920 2172 2977 audivit.
2266 2926 2404 2989 Quo

188 2986 427 3053 audito,
470 2987 597 3043 haec
640 2986 759 3043 illis
806 2987 1048 3043 Chilaus
1094 2988 1277 3045 dixit:
1328 2998 1373 3021 “
1404 2992 1496 3048 Ita
1541 3010 1604 3049 se
1649 3009 1739 3051 res
1786 2997 1984 3064 habet,
2032 2993 2295 3073 Ephori!
2343 3004 2402 3063 Si

192 3073 249 3099 ‘⁶'
280 3065 460 3122 amici
486 3062 649 3121 nobis
680 3082 801 3121 non
828 3065 1047 3121 fuerint
1076 3066 1481 3137 Athenienses,
1510 3072 1610 3127 sed
1645 3090 1784 3131 cum
1809 3076 2068 3133 Barbaro
2093 3086 2402 3139 contraxe-

187 3150 243 3178 “
274 3145 399 3201 rint
438 3144 813 3212 societatem3
859 3145 1055 3200 valido
1095 3146 1231 3203 licet
1260 3164 1429 3203 muro
1471 3148 1574 3221 per
1613 3151 1910 3211 Isthmum
1935 3156 2134 3223 ducto,
2161 3176 2404 3236 magnae

190 3229 245 3257 “
272 3230 473 3280 tamen
503 3231 689 3297 portae
716 3230 930 3296 apertae
958 3232 1097 3280 sunt
1120 3225 1325 3290 Persae,
1350 3228 1574 3301 quibus¹
1593 3231 1810 3289 intrare
1837 3234 1898 3289 in
1923 3233 2404 3309 Peloponnesum

190 3303 246 3336 “
275 3303 476 3377 possit.
555 3302 633 3358 At
684 3318 910 3358 morem
958 3304 1409 3361 Atheniensibus
1464 3310 1672 3385 gerite,
1719 3312 2062 3389 priusquam
2105 3315 2266 3373 aliud
2317 3320 2404 3377 illi

188 3386 240 3415 “
270 3381 583 3437 consilium
612 3382 867 3453 capiant,
896 3382 1051 3452 quod
1082 3384 1322 3439 exitium
1352 3384 1503 3443 ferat
1527 3388 1822 3445 Graeciae.''

278 3466 373 3516 10.
416 3455 597 3529 Cujus
622 3457 821 3515 audito
846 3459 1113 3539 consiliu,
1144 3460 1231 3517 illi
1257 3480 1320 3519 re
1346 3464 1500 3521 inter
1526 3466 1682 3540 ipsos
1711 3468 2048 3540 deliberata,
2073 3492 2106 3531 e
2127 3476 2404 3554 vestigio,

184 3539 393 3597 insciis
428 3539 639 3613 legatis
680 3540 780 3611 qui
820 3556 856 3594 a
898 3534 1235 3595 civitatibus
1254 3542 1645 3608 advenerant,
1679 3556 1856 3605 noctu
1900 3550 2118 3620 adhuc,
2148 3546 2406 3631 quinque

184 3614 387 3677 millia
436 3618 760 3673 emiserunt
803 3619 1239 3695 Spartanorum,
1294 3622 1602 3679 adtributis
1655 3627 1868 3701 cuiq'ue
1923 3622 2168 3705 septem'
2193 3634 2399 3704 hilotis,

182 3696 473 3755 mandato
514 3696 653 3752 dato
682 3694 1000 3761 Pausaniae,
1031 3696 1393 3755 Cleombrot'i
1429 3698 1572 3768 filio,
1599 3700 1690 3759 ut‘
1709 3704 1844 3761 illos
1873 3708 2176 3767 educeret.
2257 3712 2404 3773 Erat

184 3776 432 3852 quidem
472 3782 613 3831 tunc
659 3792 761 3831 rex
802 3773 1385 3835 Lacedaemoniorum
1428 3770 1844 3851 Pleistarchus,
1885 3786 2164 3845 Leonidae
2203 3789 2362 3849 filius
2379 3820 2397 3865 3

190 3856 297 3912 sed
326 3854 422 3911 hic
448 3854 638 3910 adhue
662 3870 807 3927 puer
846 3843 1121 3933 erat,·ille
1165 3862 1311 3931 vero
1348 3864 1508 3915 tutor
1555 3856 1734 3939 hujus
1757 3873 1838 3920 ‘et
1875 3866 2054 3943 frater
2099 3872 2402 3939 patruelis,

166 3933 605 3993 ·Nec·enimjn
646 3934 795 3989 vivis
838 3932 1029 3988 adhuc
1056 3933 1173 3990 fuit
1198 3935 1632 4005 Cleombrotus,
1662 3940 1968 4000 Pausaniae
1992 3952 2173 4017 pater,
2202 3949 2406 4009 Ana'x.

191 4012 455 4087 andridae
476 4082 485 4090 .
506 4012 706 4085 filius3
752 4010 851 4089 sed
898 4020 1209 4086 postquam
1256 4018 1601 4103 exercitum,
1630 4021 1731 4097 qui
1770 4038 2008 4105 murum
2048 4028 2403 4099 exstruebat,

186 4093 271 4149 ab
300 4090 925 4165 Isthmo‘abduxisset,
954 4089 1117 4147 brevi
1160 4089 1465 4163 interiecto
1508 4104 1774 4173 tempore
1813 4117 1846 4155 e
1894 4096 2026 4159 vita'
2047 4102 2440 4166 &gaweiland

190 4171 327 4237 Hae
382 4180 583 4253 autem
627 4184 839 4255 caussa
884 4170 1209 4255 exercitum
1260 4169 1339 4232 ab
1384 4172 1618 4235 Isthmo
1670 4173 2084 4241 cleombrotus
2133 4184 2399 4263 abduxit,
