2925 4992
1129 331 1420 392 cLIO.
2300 337 2383 392 35

169 479 558 550 inundaretur
581 487 738 550 Asia.
779 489 958 553 Quod
982 489 1288 548 somnium
1313 509 1501 566 quum
1526 493 1895 566 exposuisset
1918 491 2035 550 illis
2058 507 2136 548 ex
2160 487 2381 566 Mago-

171 589 298 630 rum
333 587 608 637 numero,
617 571 742 643 qui
781 569 1150 628 somniorum
1175 571 1647 644 interprendant
1684 571 1905 630 dabant
1944 587 2209 646 operam,
2220 586 2380 628 con-

170 652 418 708 territus
429 657 544 715 est,
569 649 814 724 singula
836 665 1084 722 quaeque
1113 649 1190 705 ab
1229 650 1346 708 illis
1371 649 1633 708 etloetus.
1711 649 1871 708 Tum
1896 649 2103 708 deinde
2126 647 2383 708 Manda-

169 747 305 796 nen,
333 729 464 786 viro
497 724 630 798 jam
657 737 980 793 maturam,
1006 727 1322 786 Medorum
1356 728 1527 795 nulli,
1557 729 1659 803 qui
1698 730 1877 803 ipsius
1908 728 2135 786 familia
2160 728 2381 803 dignus

170 809 391 873 fuisset,
433 807 498 863 in
549 808 1000 865 matrimonium
1039 805 1222 874 dedit,
1263 809 1456 868 visum
1504 808 1661 865 istud
1705 808 2127 876 reformidans3
2170 824 2383 868 verum

171 887 360 944 Persae
399 886 638 943 cuidam
677 881 902 955 junxit,
933 886 1030 942 cui
1069 903 1284 944 nomen
1329 886 1674 962 Cambyses,
1702 905 1879 961 quem
1920 893 2211 980 repererat
2249 885 2381 959 qui-

172 967 302 1023 dem
325 965 492 1022 bona
522 964 752 1022 familia
775 973 994 1031 ortmn,
1021 971 1084 1022 et
1122 966 1442 1040 tranquillo
1468 967 1813 1024 hominem
1798 967 2071 1042 ingenio,
2098 972 2381 1022 ceterum

169 1063 342 1119 quem
369 1044 666 1102 inferioris
693 1060 822 1100 esse
851 1045 1232 1112 conditionis,
1259 1061 1442 1118 quam
1470 1045 1825 1104 mediocrem
1853 1045 2125 1110 Medum,
2148 1039 2383 1113 judica-

167 1133 362 1182 verat.
1143 1147 1152 1157 ·

245 1207 380 1260 108.
423 1201 751 1294 Postquam
777 1201 1022 1258 domum
1057 1201 1228 1260 duxit
1255 1203 1575 1278 Cambyses
1602 1204 1969 1269 Mandanen,
2000 1171 2193 1275 primo
2220 1220 2385 1260 anno

167 1283 326 1340 aliud
373 1281 525 1336 vidit
567 1283 763 1338 visum
807 1283 1112 1357 Astyages,
1193 1282 1517 1354 Videbatur
1563 1284 1615 1339 ei
1660 1301 1733 1339 ex
1782 1281 2145 1340 naturalibus
2198 1277 2381 1352 hujus

169 1362 302 1418 filiae
342 1360 543 1416 enasci
581 1361 744 1425 vitis,
771 1377 955 1434 eaque
995 1361 1129 1416 vitis
1171 1349 1509 1418 universam
1552 1361 1823 1419 obtinere
1850 1361 2064 1418 Asiam.
2145 1363 2287 1424 Quo
2308 1361 2383 1418 de

166 1442 288 1500 viso
315 1439 434 1496 sibi
461 1439 662 1494 oblato
678 1456 864 1513 quum
889 1439 1182 1496 retulisset
1207 1441 1282 1498 ad
1309 1442 1673 1498 somniorum
1703 1442 2066 1514 interpretes,
2084 1440 2383 1498 arcessivit

167 1538 238 1576 ex
285 1519 480 1576 Persis
525 1517 711 1574 filiam
763 1520 955 1589 partui
1002 1519 1292 1589 vicinam,
1277 1545 1290 1556 ·
1337 1537 1609 1592 eamque,
1651 1529 1963 1594 postquam
2012 1518 2271 1584 advenit,
2316 1519 2383 1576 in

167 1598 434 1655 emtodia
464 1597 692 1662 habuit,
716 1594 1050 1654 interimere
1079 1598 1348 1672 cogitans
1375 1600 1607 1672 prolem
1630 1617 1705 1654 ex
1722 1617 1790 1654 ea
1818 1597 2209 1654 nascituram·
2242 1615 2383 1654 nam

164 1695 234 1733 ex
255 1677 394 1734 viso
421 1676 530 1732 illo
555 1675 1032 1750 significaverant
1057 1678 1112 1734 ei
1139 1678 1300 1751 magi
1337 1677 1709 1734 somniorum
1750 1678 2067 1756 interpret.
2072 1694 2122 1740 a,
2154 1676 2381 1748 prolem

163 1756 298 1812 filiae
327 1750 534 1825 bajula,
549 1755 742 1812 ··lnc0
727 1756 932 1828 ipsius,
961 1773 1142 1830 regno
1171 1773 1298 1812 esse
1339 1756 1685 1829 potiturum.
1769 1737 1913 1812 Hoe⁶c
1953 1755 2137 1830 igitur
2163 1771 2381 1812 cavens

163 1837 474 1910 Astyages,
504 1830 681 1890 simul
710 1841 886 1908 atque
915 1843 1084 1890 natus
1113 1852 1192 1892 er·
1189 1843 1240 1890 ιι
1267 1836 1478 1910 Cyrus,
1504 1844 1782 1892 vocatum
1810 1835 1884 1890 nd
1909 1851 1972 1890 se
1999 1833 2377 1908 Harpagum,

165 1915 362 1970 virum
387 1913 502 1968 sibi
535 1911 908 1978 familiarem,
937 1921 996 1968 et
1023 1913 1337 1970 Medorum
1368 1914 1751 1981 fidissimum,
1778 1914 1872 1970 cui
1900 1930 1991 1970 res
2018 1929 2151 1968 suas
2178 1912 2377 1970 crede-

167 2002 248 2050 ret
277 2009 516 2058 omnes,
549 1989 638 2046 his
665 1992 1047 2065 compellavit
1072 1993 1265 2050 verbis
1289 2017 1301 2049 :
1352 1999 1393 2024 “
1423 1994 1723 2068 Harpage,
1752 1994 1906 2068 quod
1934 1992 2041 2049 tibi
2072 1991 2382 2052 committo

165 2079 202 2104 “
231 2072 572 2147 negotium,
615 2071 674 2126 id
729 2089 870 2133 eave
923 2088 1003 2127 ne
1047 2072 1172 2128 ullo
1221 2079 1396 2146 pacto
1439 2071 1761 2149 neglectim
1802 2079 2037 2137 tractes,
2082 2088 2233 2128 neve
2284 2087 2383 2128 me

167 2160 203 2184 “
233 2151 523 2224 decipias,
569 2149 812 2222 aliisque
863 2149 1201 2207 hominibus
1247 2151 1506 2218 studens,
1548 2153 1666 2208 tuis
1718 2152 1845 2224 ipse
1898 2151 2125 2208 artibus
2166 2150 2383 2208 dehinc

165 2239 203 2264 “
232 2229 507 2302 capiaris.
587 2230 750 2301 Cape
813 2246 990 2301 quem
1041 2228 1342 2286 Mundam
1393 2232 1624 2304 peperit
1677 2247 1967 2304 puerum3
2026 2237 2089 2285 et
2132 2229 2381 2286 domum

164 2319 206 2342 “
235 2319 416 2368 tuam
467 2307 842 2380 deportatum
887 2308 1120 2376 oceide3
1165 2308 1328 2374 dein,
1371 2326 1615 2383 quoquo
1662 2309 1841 2366 modo
1890 2308 2165 2374 volueris,
2208 2325 2378 2383 sepe·

168 2397 208 2422 “
236 2390 414 2445 lito.”
484 2386 814 2460 Respondit
837 2387 972 2444 ille:
1020 2395 1063 2418 “
1093 2383 1220 2444 Nec
1246 2389 1409 2455 alias,
1437 2407 1476 2446 ο
1504 2388 1661 2455 Rex,
1683 2387 1882 2445 vidisti
1908 2386 1969 2444 in
1998 2386 2111 2442 hoc
2138 2387 2385 2444 homine

165 2475 205 2502 “
231 2465 487 2540 aliquid,
511 2464 670 2540 qnod
699 2465 1004 2540 ingratum
1033 2463 1141 2523 tibi
1167 2465 1411 2537 fuisset3
1443 2467 1787 2525 eavebimus
1812 2483 1956 2522 vero
1982 2465 2187 2531 etiam,
2210 2482 2291 2522 ne
2318 2465 2381 2522 in

168 2555 207 2580 “
231 2554 548 2622 posterum
588 2545 909 2618 quidquam
949 2546 1012 2602 in
1056 2553 1116 2602 te
1143 2546 1565 2620 delinquamus.
1646 2547 1845 2610 Quare
1884 2545 1938 2601 si
1962 2544 2089 2600 -tibi
2139 2552 2381 2619 gratum

168 2633 210 2662 “
235 2633 354 2692 est,
385 2624 502 2679 hoc
539 2625 626 2679 ita
651 2624 814 2695 fieri3
859 2631 1095 2698 opoetet
1133 2643 1365 2700 nempe,
1393 2626 1553 2699 quod
1582 2625 1643 2682 in
1672 2643 1766 2682 me
1792 2631 1905 2692 est,
1934 2623 2208 2680 idoneam
2235 2640 2379 2698 ope-

166 2713 202 2738 “
231 2723 368 2763 ram
395 2705 726 2777 praestare.”
769 2722 774 2726 ·

241 2788 383 2842 109.
426 2781 564 2838 Ηο8
603 2781 742 2838 dato
781 2799 1060 2854 responso
1090 2782 1430 2857 Harpagus,
1459 2801 1645 2857 quum
1670 2783 1723 2838 ei
1768 2780 2015 2840 traditus
2042 2787 2194 2838 esset
2236 2798 2381 2856 pue·

168 2865 338 2920 rulus
363 2869 610 2917 ornatus
636 2868 704 2918 ιιι
729 2862 950 2917 mortui
987 2862 1206 2927 solent,
1237 2862 1383 2919 abiit
1421 2863 1565 2918 flens
1592 2862 1837 2921 domurn
1878 2877 2047 2916 suam
2070 2877 2087 2916 ι
2128 2877 2249 2934 quo
2277 2860 2383 2917 ubi

167 2944 354 3009 venit,
400 2957 730 2997 sermonem
771 2957 1034 3002 omnem.
1073 2957 1254 3014 quem
1303 2958 1504 2998 secum
1544 2942 1827 3016 Astyages
1872 2939 2179 3006 habuerat,
2212 2938 2384 2996 uxori

161 3040 286 3078 sua-3
313 3019 538 3076 retulit.
617 3019 730 3075 Cui
759 3019 884 3084 illa,
919 3025 962 3050 “
987 3020 1164 3078 Nunc
1189 3035 1357 3093 ergo,
1367 3023 1402 3043 ”
1432 3020 1648 3092 inquit,
1680 3027 1719 3051 ‘⁴
1746 3018 2031 3091 quidnam
2062 3019 2252 3076 facere
2280 3035 2385 3075 co·

165 3101 482 3212 ’ἶςίιιεέ”
541 3098 624 3154 Ει
675 3097 812 3154 ille:
874 3097 1086 3153 “Non
1139 3097 1641 3190 quemadmodum
1696 3096 2002 3153 mandavit
2053 3097 2377 3171 Astyages,

189 3188 377 3246 ‘,nec
405 3178 457 3234 si
497 3178 618 3232 vel
637 3173 823 3250 peina,
853 3194 1028 3250 quam
1072 3194 1250 3242 nune,
1279 3173 1591 3236 insanierit
1632 3175 2005 3249 furiosusque
2048 3173 2251 3240 fuerit,
2276 3192 2383 3231 vo-

166 3266 207 3296 ”
235 3257 467 3314 luntati
493 3252 620 3327 ejus
645 3257 959 3328 obsequar,
991 3273 1098 3311 nec
1124 3253 1300 3327 hujus
1327 3253 1501 3312 caedis
1540 3256 1807 3314 minister
1832 3272 1953 3310 ero.
2032 3253 2246 3311 Multis
2274 3271 2382 3310 au-

191 3345 369 3393 ‘tem
399 3335 475 3392 dc
513 3337 732 3390 caussis
775 3335 932 3392 hunc
975 3353 1092 3392 non
1133 3335 1434 3392 occidam·
1419 3361 1436 3406 3
1482 3335 1763 3408 quoniam
1804 3341 1867 3389 et
1908 3332 2051 3390 mihi
2098 3340 2383 3412 cognatus

191 3424 336 3472 ‘est
377 3431 542 3488 puer,
573 3421 633 3469 et
671 3421 846 3469 aetate
889 3431 1032 3486 prox
1038 3424 1201 3471 ectus
1243 3421 1331 3469 est
1357 3415 1665 3488 Astyages,
1708 3412 1987 3488 proleque
2024 3421 2185 3468 earet
2224 3429 2383 3470 mas-

189 3496 395 3552 ‘cula
477 3493 654 3553 Quod
697 3494 746 3547 si
787 3493 972 3579 igitur
1011 3502 1146 3566 post
1185 3492 1346 3550 illius
1372 3493 1649 3550 obitum
1632 3510 1697 3548 ιιι
1740 3493 1889 3548 hanc
1916 3491 2099 3548 filiam
2128 3508 2382 3568 regnum

189 3573 632 3630 ‘transiturum
665 3580 778 3638 est,
809 3567 978 3640 enjus
1017 3590 1174 3628 nunc
1211 3589 1462 3645 puerum
1507 3589 1610 3644 per
1636 3589 1733 3630 me
1758 3571 1890 3626 vult
1928 3570 2211 3636 occidere,
2242 3570 2384 3645 quid

188 3652 405 3708 ‘aliud
447 3651 596 3708 mihi
625 3651 914 3724 supererit
953 3651 1065 3707 nisi
1091 3659 1162 3708 ut
1188 3651 1300 3706 hoc
1335 3651 1536 3707 facto
1520 3669 1583 3706 ιιι
1606 3667 1912 3708 summum
1941 3649 2251 3706 discrimen
2280 3649 2381 3707 ad.-

167 3732 456 3792 “ducar.
440 3733 461 3772 ²
504 3729 930 3790 Verumtamen
977 3747 1125 3786 meae
1179 3730 1364 3804 ipsius
1405 3729 1615 3794 salutis
1660 3746 1865 3786 caussa
1912 3745 2143 3814 neeesse
2182 3734 2274 3783 est
2316 3733 2385 3782 ut

175 3813 216 3842 “
251 3811 541 3868 moriatur
581 3808 674 3864 luic
724 3827 909 3883 puer:
957 3815 1188 3881 oportet
1229 3814 1432 3865 autem
1474 3816 1543 3866 ut
1584 3808 1929 3865 interfector
1968 3800 2097 3876 ejus
2138 3807 2217 3862 tit
2260 3823 2384 3862 ιιοιι

167 3890 454 3964 “aliquis
481 3905 786 3953 meorum‚·
813 3887 914 3944 sed
927 3905 1018 3948 ex
1043 3889 1226 3962 ipsius
1253 3887 1529 3962 Astyagis
1554 3887 1893 3944 ministris.”
1946 3939 1951 3944 .

255 3975 384 4025 110.
428 3967 546 4024 Ηί3
589 3966 782 4031 dictis,
809 3967 1079 4039 protinus
1125 3967 1416 4024 nuncium
1462 3966 1625 4028 misit
1666 3965 1742 4022 ad
1783 3981 1972 4022 unum
2014 3981 2088 4019 ex
2113 3963 2386 4038 Astyagis

169 4048 528 4120 pastoribus,
553 4063 737 4121 quem
765 4054 1013 4106 noverat
1039 4063 1254 4120 pascua
1282 4045 1497 4100 habere
1524 4041 1781 4102 maxime
1806 4043 2041 4108 idonea,
2068 4051 2131 4098 et
2154 4052 2387 4099 montes

171 4127 306 4183 feris
335 4125 867 4202 frequentissimo&
941 4125 1182 4181 Nomen
1207 4123 1346 4180 hnic
1357 4132 1497 4179 erat
1523 4122 1891 4186 Mitradates,
1918 4139 2159 4180 uxorem
2188 4130 2387 4182 autem

175 4203 424 4266 habebat
467 4221 845 4273 conservam,
891 4204 986 4260 cui
1035 4221 1270 4267 nomen,
1315 4203 1523 4260 (Jraeca
1568 4202 1795 4279 lingua,
1841 4200 1991 4275 Gyno
2006 4225 2027 4271 ‚-
2072 4201 2388 4266 Medorum

1237 4286 1334 4338 1²52
