2925 4992
542 250 661 363 rsa
1090 286 1592 359 nmmum-1
1655 292 2016 359 uls-roa.
2077 289 2194 359 m.

542 462 765 525 tentes,
792 454 843 513 si
880 454 1003 515 dati
1036 456 1305 519 mandati
1342 458 1652 532 poeniteret
1690 454 2044 531 Cambysen,
2071 462 2134 513 et
2171 454 2528 517 desiderium
2569 456 2774 517 Croesi

546 554 687 595 eum
714 542 967 610 caperet,
996 553 1060 595 se
1086 536 1369 611 producto
1398 537 1502 594 illo
1540 534 1782 609 premia
1807 537 2022 591 servati
2051 534 2212 593 illius
2237 546 2578 610 accepturos
2602 564 2622 610 3
2667 539 2774 598 sin

547 616 611 671 in
640 614 937 672 sententia
963 616 1443 689 rexpersisteret,
1473 632 1660 689 neque
1683 613 1854 671 illum
1879 614 2244 681 desideraret,
2264 621 2406 673 tunc
2430 612 2606 673 inum
2631 620 2776 675 esse

543 692 971 751 interfecturos.
1038 694 1262 767 -Neque
1307 694 1502 750 multo
1551 701 1687 767 post
1729 694 1912 767 (sicut
1959 693 2040 750 illi
2097 693 2217 749 fere
2242 692 2765 766 existimaverant)

522 773 901 831 desideravit
943 772 1264 846 Cambyses
1305 772 1614 840 Croesum3
1660 788 1778 845 quo
1817 780 2059 849 cognito
2103 771 2338 837 famuli,
2382 779 2420 805 ‘⁸
2452 791 2772 849 superesse
2865 814 2872 821 ·

547 858 593 884 “
621 852 814 918 illum,
820 853 853 874 '’
882 851 1255 909 nunciarunt.
1312 850 1470 909 Tum
1496 867 1656 916 vero,
1690 856 1729 881 “
1761 852 2018 925 gaudere
2043 868 2106 907 se
2131 852 2434 925 quidem,‘'
2462 854 2548 909 ait
2577 853 2768 911 Cam·

545 929 792 1006 bysesst
804 931 1001 1005 ‘quod
1034 931 1269 985 Croesus
1306 930 1598 1002 supersit,
1644 936 1706 985 et
1745 930 1900 997 illos,
1927 929 2028 1003 qui
2071 947 2209 987 eum
2251 939 2606 998 servassent,
2635 949 2768 991 non

548 1080 589 1145 d
544 1011 867 1145 “ivniipune
890 1009 1137 1075 laturos,
1164 1008 1265 1064 sed
1292 1007 1484 1082 capite
1522 1008 1826 1065 luituros?
1907 1008 2084 1071 Quod
2114 1018 2175 1065 et
2204 1009 2540 1069 faciendum
2577 1028 2766 1070 man·-

592 1102 629 1145 u
689 1097 715 1144 t

620 1171 721 1225 87.
746 1166 916 1225 Talia
940 1156 1123 1241 igitur
1150 1167 1471 1241 Cambyses
1497 1166 1708 1233 multa,
1733 1165 1880 1223 dum
1895 1165 2166 1241 Memphi
2193 1168 2554 1237 morabatur,
2573 1174 2636 1227 et
2655 1168 2768 1237 ad·

546 1262 749 1305 versus
778 1246 983 1303 Persas
1008 1255 1065 1301 et
1096 1245 1375 1303 adversus
1398 1246 1587 1301 socios
1622 1244 1846 1301 furiosa
1884 1247 2171 1319 patravit:
2218 1256 2496 1319 praeterea
2523 1255 2772 1305 vetusta

546 1327 815 1399 sepulcra
832 1324 1083 1399 aperuit,
1102 1332 1162 1381 et
1180 1323 1463 1381 cadavera
1488 1324 1778 1397 impetiti
1809 1331 1984 1399 atque
1999 1325 2179 1382 etiam
2197 1327 2484 1399 templum
2501 1326 2768 1394 Vulcani

543 1403 1401 1543 iplfidressusmsimulacmmndei
1442 1401 1878 1537 ιιιυΙιῖεΡιιξιωίε
1897 1403 2186 1539 Ιυάρῑιὶἰιιὲ
2193 1404 2418 1462 habuit.
2451 1405 2772 1541 PXulcani

542 1502 565 1539 ι
717 1501 831 1541 sun
898 1498 1101 1539 acrum
1130 1498 1264 1538 sum
1316 1498 1504 1538 imum
1532 1500 1594 1537 es
1733 1498 1965 1537 oenicus
2039 1502 2074 1537 a
2171 1500 2244 1549 is,
2315 1501 2420 1539 uos
2539 1501 2770 1543 oemces

543 1562 607 1619 in
654 1564 841 1637 proris
892 1561 1221 1617 triremium
1276 1560 1720 1617 circumferunt.
1801 1561 1964 1648 Quos
2009 1562 2112 1634 qui
2161 1502 2314 1619 nonq
2325 1563 2491 1628 vidit,
2531 1564 2592 1619 ei
2639 1580 2772 1640 ego

542 1640 929 1717 significabo.
976 1648 1064 1697 est
1104 1638 1361 1697 ἰιιιὶιιιίο
1401 1635 1526 1695 veri
1569 1633 1840 1713 pygmaei.
1921 1636 2229 1713 Ingressus
2268 1658 2408 1699 vero
2443 1642 2628 1699 etiam
2669 1650 2770 1701 est

544 1721 899 1779 cabirorum
923 1720 1237 1793 templum,
1264 1718 1423 1791 quod
1465 1719 1764 1775 neminem
1803 1716 1894 1773 fas
1921 1725 2010 1775 est
2051 1719 2298 1793 ingredi.
2328 1720 2440 1777 nisi
2483 1720 2767 1779 sacerdo-

542 1806 701 1857 tem.
746 1806 923 1873 atque
966 1796 1175 1853 horum
1218 1796 1533 1854 simulacra
1571 1796 1714 1871 igne
1751 1796 1930 1852 etiam
1971 1795 2277 1863 cremavit,
2317 1798 2522 1857 multis
2561 1799 2766 1857 modis

541 1878 901 1937 ludificatus.
943 1878 1093 1933 Sunt
1120 1884 1317 1931 autem
1346 1874 1473 1933 haec
1493 1874 1708 1931 similia
1738 1871 1991 1933 Vulcani
2023 1875 2371 1945 simulacris,
2397 1873 2492 1949 cuj
2503 1894 2571 1935 us
2599 1878 2766 1937 filios

544 1958 711 2015 aiunt
738 1973 865 2013 esse
892 1954 1155 2011 Cabirus.

618 2040 721 2095 88.
761 2034 997 2098 Quibus
1022 2052 1099 2091 ex
1120 2032 1397 2093 omnibus
1432 2032 1503 2091 fit
1529 2032 1680 2091 mihi
1718 2034 2122 2101 manifestum,
2149 2034 2348 2096 furore
2389 2054 2768 2113 magnopere

542 2123 763 2173 actum
782 2112 967 2171 fuisse
1004 2113 1373 2186 Cambysen.
1420 2113 1640 2188 alioqui
1681 2114 1920 2189 templis
1957 2116 2254 2197 sacrisque
2294 2117 2498 2190 populi
2539 2116 2768 2175 ritibus

542 2212 667 2253 non
692 2200 819 2251 erat
845 2193 1147 2250 illusurus.
1226 2191 1405 2253 Quod
1430 2193 1482 2249 si
1507 2192 1642 2265 quis
1667 2194 1828 2250 enim
1869 2187 2216 2253 hominibus
2255 2194 2532 2253 omnibus
2558 2197 2764 2273 optio·

540 2290 683 2331 nem
712 2279 1064 2348 proponeret
1086 2270 1349 2363 eligendi
1376 2288 1451 2327 ex
1477 2272 1758 2329 omnibus
1787 2272 2068 2329 institutis
2085 2290 2154 2329 ea
2179 2291 2312 2348 quae
2336 2274 2568 2348 optima
2589 2266 2762 2331 vide-

540 2361 783 2423 rentur,
828 2350 1117 2426 quilibet
1105 2368 1334 2416 eorum,
1362 2367 1423 2406 re
1450 2349 1792 2418 deliberata,
1821 2349 2144 2407 domestica
2173 2363 2322 2407 essct
2363 2353 2766 2427 praelaturus:

424 2494 427 2499 ,
541 2432 689 2497 adeo
716 2431 963 2507 quisque
990 2428 1243 2503 populus
1270 2445 1407 2487 suas
1434 2429 1596 2504 leges
1623 2428 1804 2505 longe
1829 2446 1954 2487 esse
1981 2430 2236 2503 optimas
2253 2426 2498 2501 judicat.
2541 2431 2762 2507 Itaque

540 2509 859 2567 verisimile
904 2526 1023 2565 non
1066 2514 1179 2574 est,
1208 2507 1393 2563 alium
1434 2508 1758 2573 hominem.
1795 2508 1908 2565 nisi
1949 2508 2262 2575 furiosum,
2301 2510 2446 2567 talin
2493 2510 2762 2569 ludibrio

538 2589 779 2647 hebere.
860 2586 1128 2643 Statuere
1168 2592 1367 2643 autem
1410 2586 1494 2641 ita
1523 2586 1598 2643 de
1627 2586 1748 2643 suis
1785 2587 2021 2661 legibus
2047 2595 2110 2644 et
2149 2588 2434 2647 institutis
2477 2590 2758 2655 homines

538 2684 769 2734 omnes,
796 2682 983 2741 quum
1024 2664 1155 2724 aliis
1194 2665 1395 2721 multis
1431 2663 1694 2740 intelligi
1723 2663 2088 2723 documentis
2129 2673 2342 2739 potest,
2372 2676 2503 2725 tum
2546 2668 2764 2731 hocce.·

539 2746 781 2813 DariuS,
807 2752 1119 2818 postquam
1163 2743 1414 2817 imperio
1452 2754 1546 2801 est
1581 2743 1826 2817 potitus,
1861 2753 2216 2801 convocatos
2260 2745 2524 2813 Graecos,
2553 2746 2662 2821 qui
2701 2749 2760 2804 ei

538 2824 805 2890 aderant,
835 2822 1253 2897 interrogavit,
1276 2828 1315 2853 “
1343 2839 1598 2896 quanam
1636 2822 1902 2895 pecuniae
1942 2823 2242 2897 proposita
2267 2840 2506 2883 summa
2531 2826 2764 2883 vellent

570 2910 883 2961 ‘mortuos
911 2908 1197 3003 ‚parentes
1236 2900 1619 2959 comedereY’
1663 2900 1747 2958 Et
1785 2900 1896 2967 iili,
1955 2901 2170 2959 ‘nulla
2205 2902 2553 2959 conditione
2587 2922 2654 2963 se
2695 2904 2764 2963 id

541 2982 923 3047 ’ἔξῐαοιιιιοε’
954 2980 1403 3073 responderunt.
1487 2980 1651 3037 idem
1677 2978 1884 3037 deinde
1909 2997 1984 3037 ex
2011 2979 2176 3037 Indis
2217 2980 2328 3037 hos
2355 2982 2458 3056 qui
2487 2981 2760 3041 Callatiae

541 3062 943 3125 nominantur,
984 3061 1091 3134 qui
1134 3067 1405 3132 parentes
1452 3058 1792 3125 comedunt,
1833 3059 1908 3115 ad
1949 3052 2012 3115 se
2053 3066 2316 3125 vocatos,
2359 3062 2762 3135 praesentibus

540 3140 789 3206 Graecis,
816 3151 876 3195 et
905 3157 1005 3211 per
1036 3140 1379 3229 interpretes
1404 3134 1542 3211 quid
1583 3145 1858 3213 ageretur
1897 3136 2386 3213 intelligentibus,
2415 3140 2762 3217 interroga-

540 3221 652 3286 vit,
685 3226 879 3293 “qua
900 3216 1207 3273 mercede
1192 3234 1251 3273 in
1284 3234 1347 3276 se
1382 3215 1728 3289 reciperent,
1759 3216 1896 3291 igne
1935 3234 2194 3273 cremare
2235 3225 2500 3275 mortuos
2544 3237 2760 3293 paren-

572 3300 782 3355 ‘tesr
830 3296 906 3351 Et
946 3294 1203 3361 i11i‚a1ta
1226 3312 1369 3351 voce
1394 3294 1812 3361 exclamantes,
1839 3294 2086 3355 meliora
2111 3314 2246 3365 curn
2275 3297 2528 3353 ominari
2551 3294 2754 3367 jusse-

540 3384 696 3435 runt.
774 3376 869 3433 Ita
902 3373 1086 3449 igitur
1127 3374 1249 3429 baec
1275 3372 1602 3435 constituta
1625 3382 1804 3444 sunt3
1849 3386 2118 3467 recteque
2161 3375 2311 3431 mihi
2335 3374 2632 3435 Pindarus
2658 3379 2756 3435 vi-

540 3456 713 3517 detur
738 3454 1043 3516 cecinisse,
1070 3452 1272 3524 Legem
1297 3452 1522 3518 dicens,
1551 3469 1728 3524 regem
1757 3470 1870 3509 erse
1895 3456 2156 3513 omnium.

619 3538 718 3592 39.
756 3533 893 3595 Quo
934 3539 1195 3605 tempore
1232 3530 1550 3604 Cambyses
1579 3530 1913 3606 AEgyptum
1957 3531 2114 3589 bello
2153 3516 2464 3607 adgressus
2503 3540 2616 3599 est,
2646 3552 2758 3608 per

540 3613 697 3671 idem
738 3619 971 3683 tempus
1000 3608 1430 3679 Laeedaemonii
1454 3608 1731 3667 adversus
1759 3610 2028 3676 Samum,
2055 3618 2118 3667 et
2147 3612 2515 3685 Polycratem,
2541 3612 2760 3671 AEacis

538 3692 754 3759 filium,
780 3688 1208 3763 expeditionem
1240 3696 1636 3761 susceperunt.
1711 3687 1771 3747 Is
1799 3705 1986 3762 quum
2010 3689 2426 3755 insurrectione
2455 3690 2618 3747 facta
2645 3692 2758 3751 Sa-

538 3788 709 3831 mum
760 3774 1125 3841 occupasset,
1170 3768 1427 3841 primum
1475 3766 1762 3826 trifariam
1805 3768 2180 3833 distributam
2223 3766 2520 3831 civitatem
2569 3769 2754 3830 simul

540 3867 681 3908 cum
705 3847 1007 3915 fratribus,
1026 3846 1401 3921 Pantagnoto
1428 3852 1489 3900 et
1515 3844 1858 3919 Sylosontis,
1889 3846 2436 3909 administraverat·
2461 3848 2627 3917 dein,
2659 3848 2753 3907 al-

540 3940 671 3985 tero
696 3926 911 3990 occiso,
938 3933 999 3981 et
1028 3933 1173 3990 natu
1212 3924 1440 3981 minore
1466 3922 1772 3998 Sylosonte
1813 3925 2004 3983 insula
2027 3921 2242 3996 ejecto,
2269 3927 2612 4004 universam
2639 3930 2750 3985 Sa·
2721 3958 2758 3997 ·‚

540 4024 711 4065 mum
738 4004 985 4079 imperio
1012 4002 1270 4060 tenebat.
1350 4004 1528 4063 Quo'
1515 4021 1578 4059 ιιι
1599 4003 1846 4075 imperio
1875 4020 2013 4061 cum
2039 4004 2262 4071 Amasi,
2287 4005 2542 4081 AEgypti
2580 4024 2748 4099 rege,
2725 4046 2758 4073 „

538 4085 863 4173 hospitium
890 4081 1205 4147 contraxit,
1232 4080 1387 4137 dona
1412 4080 1468 4135 ei
1499 4081 1760 4144 mittens.
1783 4090 1846 4139 et
1879 4079 2136 4139 vicissim
2179 4082 2256 4139 ab
2293 4084 2400 4141 illo
2425 4084 2752 4158 accipiens.

539 4160 833 4240 Brevique
858 4170 1125 4238 tempore
1152 4160 1237 4225 ita
1264 4167 1454 4237 ancta
1481 4177 1578 4225 res
1603 4167 1768 4223 erant
1789 4159 2134 4237 Polycratis,
2159 4171 2230 4231 ut
2267 4180 2374 4258 per
2411 4162 2748 4237 universam
