2925 4992
532 339 612 395 58
1107 329 1611 394 HERODOTI
1675 324 2037 392 HISTQR.
2094 331 2146 390 1.

539 495 738 550 vicum
781 492 1094 560 accedunt,
1115 487 1178 549 e‘t
1201 491 1440 566 quidem
1482 491 1669 548 tribus
1710 481 1979 564 deinceps
2018 488 2243 556 diebus.
2322 487 2457 547 Hoc
2498 486 2621 546 tale
2658 487 2739 544 ab

539 573 646 628 illa
665 570 940 628 effectum
963 579 1070 630 est.
1149 571 1437 627 Praeterea
1461 585 1742 646 aggerem
1769 570 1843 626 ad
1870 577 2181 642 utramque
2207 568 2373 624 fluvii
2411 567 2602 641 ripam
2628 567 2738 623 ad-

540 647 726 726 gessit
769 651 984 708 miratu
1027 649 1303 725 dignum,
1343 665 1531 722 quum
1572 647 1900 704 latitudinis
1942 663 2174 714 caussa,
2216 654 2347 704 tum
2393 645 2748 702 altitudinis.

542 729 758 804 Longe
779 745 920 786 vero
946 745 1122 802 supra
1147 727 1513 802 Babylonem
1542 727 1774 784 alveum
1802 725 2003 782 effodit
2029 724 2353 799 recipiendo
2379 722 2557 791 lacui,
2580 739 2745 780 non-

543 807 690 866 nihil
727 806 1042 881 deflectens
1066 824 1102 861 a
1127 805 1411 876 flumine3
1457 811 1518 861 et
1549 806 1612 864 in
1640 803 2010 861 altitudinem
2048 804 2290 878 quidem
2328 804 2551 877 ubique
2590 801 2756 858 fodit

541 901 728 960 nsque
753 885 894 941 dum
935 903 1090 959 aqua
1127 883 1456 948 scaturiret,
1488 883 1547 938 in
1576 882 2023 956 amplitudinem
2056 900 2197 938 vero
2236 883 2550 940 circuitum
2588 879 2751 937 alvei

487 959 494 968 ’
543 966 687 1022 fecit
711 963 1271 1039 quadringentorum
1297 969 1358 1018 et
1377 963 1590 1041 viginti
1616 961 1939 1018 stadiorum
1958 977 1991 1015 :—
2018 967 2231 1018 terram
2259 969 2458 1017 autem
2487 979 2561 1018 ex
2584 959 2752 1014 fossa

543 1050 810 1118 egestam
841 1041 1118 1098 insumsit
1156 1042 1219 1096 in
1247 1057 1495 1116 aggeres
1526 1035 1699 1109 juxta
1740 1039 1923 1112 ripam
1956 1038 2128 1095 fluvii
2161 1038 2481 1108 jaciendos.
2561 1037 2747 1102 Tum,

544 1121 818 1180 absoluto
859 1116 1168 1176 effodiendi
1205 1118 1428 1185 labore,
1468 1118 1725 1175 advectis
1766 1116 2081 1194 lapidibus,
2110 1125 2305 1174 totum
2348 1117 2583 1174 alveum
2628 1117 2759 1173 cir-'

545 1199 840 1257 cumcirca
877 1198 1168 1272 crepidine
1209 1198 1481 1254 munivit.
1558 1196 1701 1253 Duo
1740 1202 1941 1252 autem
1987 1196 2102 1252 ista
2124 1213 2300 1270 opera
2324 1194 2489 1262 fecit,
2516 1195 2747 1254 flumen

545 1287 902 1342 tortuosum,
943 1286 1004 1332 et
1049 1291 1126 1332 ex
1173 1274 1381 1331 effosso
1421 1276 1591 1331 alveo
1629 1276 1927 1338 lacunam,
1970 1273 2083 1330 hoc
2124 1275 2389 1340 consilio,
2416 1283 2489 1332 ut
2532 1276 2753 1332 lentior

547 1357 758 1416 flueret
797 1355 1039 1420 flumen,
1067 1353 1272 1410 multis
1311 1353 1561 1410 flexibus
1584 1352 1773 1409 fracto
1814 1351 1975 1408 illius
2001 1353 2247 1427 impetu,
2276 1359 2459 1426 utque
2485 1351 2754 1410 flexuosa

547 1436 716 1492 fieret
739 1433 1066 1506 navigatio,
1095 1439 1220 1497 aut,
1241 1433 1294 1488 si
1319 1432 1571 1488 navibus
1594 1431 1817 1488 vellent
1836 1431 2181 1488 exscendere
2206 1425 2426 1497 hosteS,
2452 1431 2751 1505 exciperet

549 1515 686 1571 mos
731 1513 946 1585 longus
989 1509 1144 1568 circa
1181 1510 1456 1568 lacunam
1500 1508 1815 1566 anfractus.
1893 1509 1985 1565 Ab
2020 1527 2095 1566 ea
2132 1517 2331 1566 autem
2372 1518 2537 1581 parte
2578 1517 2767 1569 terrae'·

549 1591 891 1666 Babyloniae
931 1588 1074 1654 fecit
1115 1589 1242 1645 haec
1267 1589 1551 1654 Nitocris,
1580 1605 1699 1661 qua
1736 1594 1863 1643 erat
1894 1605 1969 1643 ex
1993 1588 2193 1644 Media
2230 1589 2505 1644 introitus
2538 1595 2599 1644 et
2638 1590 2759 1648 iter

549 1669 997 1737 brevissimum3
1041 1685 1115 1724 ne
1137 1664 1304 1724 Medi
1325 1685 1451 1724 sese
1478 1667 1828 1742 ingerentes,
1856 1683 1945 1722 res
1970 1667 2155 1740 ipsius
2180 1665 2659 1742 specularentur.'

634 1752 766 1806 186.
804 1747 934 1804 Has
973 1748 1156 1822 igitur
1196 1747 1559 1802 munitiones
1602 1746 1705 1805 illa
1728 1762 1801 1800 ex
1840 1743 2133 1818 profundo
2169 1747 2283 1802 sibi
2320 1744 2710 1804 circumdedit
2732 1771 2749 1804 τ

553 1826 768 1904 quibus
803 1825 924 1881 tale
963 1824 1259 1899 quoddam
1303 1824 1707 1890 corollarium,
1744 1821 1911 1880 alteri
1950 1823 2221 1880 instituto
2264 1824 2445 1880 veluti
2486 1826 2757 1882 medium

550 1907 954 1978 interponens,
995 1897 1228 1972 adjecit.
1303 1902 1509 1962 Quum
1554 1903 1615 1958 in
1662 1901 1811 1958 duas
1856 1901 2123 1975 regiones
2164 1901 2349 1960 divisa
2390 1901 2537 1959 urbs·
2574 1911 2757 1972 esset,

551 1999 800 2059 quarum
827 1980 1090 2038 medium
1115 1980 1330 2036 fluvius
1353 1980 1691 2048 obtinebat3
1736 1980 2103 2052 superiorum
2138 1990 2347 2054 regum
2376 1986 2571 2047 aetate,
2600 1999 2758 2056 quo-

552 2064 666 2120 ties
689 2075 766 2118 ex
789 2077 910 2117 una
949 2058 1196 2134 regione
1221 2059 1282 2114 in
1309 2059 1553 2116 alteram
1596 2057 1777 2114 vellet
1812 2057 2021 2132 aliquis
2060 2061 2321 2126 transire,
2348 2060 2587 2134 navigio
2626 2071 2759 2119 erat

548 2138 994 2198 transeundum.
1069 2136 1248 2198 Quod
1285 2154 1493 2211 quum,
1524 2143 1589 2192 ut
1614 2135 1885 2211 equidem
1910 2137 2203 2203 existimo,
2228 2147 2381 2195 esset
2406 2139 2757 2208 molestum,

549 2220 654 2278 ina
674 2218 816 2274 huic
839 2216 920 2273 rei
945 2215 1220 2290 providit.
1279 2216 1365 2274 Ut
1385 2216 1543 2272 enim
1570 2215 1806 2272 alveum
1826 2223 2041 2290 stagno
2068 2215 2401 2290 recipiendo
2428 2215 2649 2284 effodit,
2674 2219 2759 2275 si-

542 2297 683 2356 mul
697 2295 858 2352 aliud
875 2296 988 2350 hoc
1007 2301 1460 2351 monumentum
1482 2289 1743 2364 ejusdem
1760 2295 1955 2368 operis
1970 2294 2217 2367 reliquit.
2259 2294 2511 2368 Lapides
2526 2295 2763 2352 caeden-

555 2376 662 2432 dos
681 2374 911 2432 curavit
933 2389 1281 2448 permagnos
1304 2394 1319 2428 2
1352 2369 1456 2447 qui
1480 2379 1791 2446 postquam
1815 2373 1977 2428 fuere
1996 2373 2202 2444 parati,
2219 2373 2573 2447 effossusque
2589 2374 2761 2434 locus

553 2455 670 2512 fuit
691 2469 869 2530 quem
895 2451 1038 2517 dixi,
1067 2451 1126 2506 in
1159 2453 1320 2507 bunc
1349 2451 1543 2525 ipsum
1570 2450 1847 2507 effossum
1874 2451 2076 2508 locum
2100 2468 2341 2508 cursum
2372 2469 2615 2508 omnem
2642 2453 2766 2510 flu·

555 2531 731 2592 minis
759 2530 1004 2598 avertit3
1037 2525 1138 2602 qui
1165 2529 1330 2586 loeus
1357 2537 1424 2586 ut
1451 2529 1827 2602 implebatur,
1848 2530 1931 2584 ita
1951 2537 2123 2586 vetus
2148 2530 2405 2587 fluminis
2425 2532 2628 2588 alveus
2654 2549 2763 2588 ex-

557 2610 900 2668 siccabatur.
981 2608 1178 2682 lgitur
1201 2623 1305 2681 per
1329 2607 1392 2664 id
1417 2615 1653 2679 tempus
1678 2607 1889 2680 partim
1922 2607 2086 2664 fluvii
2108 2608 2285 2675 labia,
2304 2625 2423 2683 qua
2448 2610 2497 2666 is
2522 2626 2629 2683 per
2652 2627 2764 2666 ur-

557 2685 998 2762 bem-decurrit,
1027 2703 1096 2742 ac
1120 2685 1434 2745 descensus
1459 2685 1563 2758 qui
1594 2703 1669 2740 ex
1705 2686 2031 2743 minoribus
2064 2689 2249 2761 portis
2282 2689 2360 2744 ad
2392 2688 2618 2744 flumen
2648 2688 2765 2744 du-

557 2773 728 2833 cunt,
751 2765 931 2822 coctis
957 2763 1236 2820 lateribus
1257 2764 1466 2820 eodem
1495 2763 1698 2829 modo,
1726 2779 1844 2836 quo
1870 2781 2071 2821 murus
2098 2773 2353 2823 structus
2378 2773 2527 2832 erat,
2548 2767 2768 2824 exaedi-

557 2845 795 2902 fica'vit:
843 2841 1078 2916 partim,
1119 2839 1183 2897 in
1231 2843 1426 2899 media
1463 2841 1585 2898 fere
1620 2841 1785 2908 urbe,
1826 2860 1901 2898 ex
1946 2843 2259 2917 lapidibus,
2300 2859 2451 2919 quos
2500 2845 2769 2903 exscindi

551 2920 830 2996 jusserat,
861 2927 1103 2994 pontem
1139 2919 1475 2986 aedificavit,
1500 2920 1655 2977 ferro
1680 2926 1743 2978 et
1779 2920 2025 2995 plumbo
2060 2922 2281 2996 lapides
2305 2923 2589 2980 vinciens.
2668 2923 2767 2980 Eo

558 3017 735 3076 super
761 3007 940 3074 ponte
967 2998 1221 3055 interdiu
1243 2999 1507 3072 quotidie
1532 2999 1707 3074 tigna
1730 2999 2013 3072 quadrata
2036 3000 2512 3066 intendebantur,
2542 3001 2765 3076 quibus

557 3080 873 3139 transirent
887 3075 1202 3152 Babylonii
1223 3101 1239 3148 3
1271 3084 1456 3134 noctu
1476 3094 1617 3134 vero
1632 3077 1991 3136 tollebantur
2004 3079 2129 3135 haec
2150 3080 2339 3156 tigna,
2356 3097 2428 3136 ea
2444 3089 2673 3147 caussa,
2690 3099 2771 3137 ne

557 3177 664 3244 per
681 3164 920 3216 noctem
933 3173 1010 3211 ex
1025 3156 1210 3211 altera
1225 3155 1386 3214 urbis
1409 3157 1649 3230 regione
1670 3156 1735 3210 in
1756 3156 2001 3214 alteram
2024 3165 2395 3216 transeuntes
2413 3157 2579 3214 fruta
2596 3175 2769 3216 exer-

559 3243 778 3296 nerent.
858 3234 1180 3306 Postquam
1203 3232 1364 3290 fossa
1389 3234 1553 3294 lacus
1579 3233 1770 3290 fuerat
1794 3234 1989 3294 factus
2014 3252 2168 3309 aqua
2194 3237 2453 3294 fluminis
2480 3237 2765 3310 repletus,

559 3313 965 3390 perfectusque
985 3327 1132 3384 pons
1153 3309 1376 3380 fuerat3
1407 3320 1539 3367 tum
1558 3311 1767 3368 deinde
1782 3312 2109 3386 Euphrates
2132 3313 2349 3372 fluvius
2362 3316 2424 3372 in
2448 3315 2771 3388 pristinum

561 3393 814 3452 alveum
827 3390 1043 3446 iterum
1081 3396 1174 3444 est
1193 3387 1525 3446 derivatus:
1570 3397 1744 3464 atque
1770 3392 1872 3456 ita‘,
1900 3409 2084 3464 quum
2109 3393 2359 3450 'effossus
2390 3393 2558 3450 locus
2591 3394 2771 3468 palus

559 3471 748 3536 fieret,
776 3465 1088 3526 commode
1105 3467 1219 3524 hoc
1245 3475 1516 3542 recteque
1543 3468 1771 3528 factum
1785 3469 2113 3539 visum-est,
2130 3478 2191 3528 et
2216 3472 2442 3529 civibus
2462 3487 2613 3546 pons
2636 3481 2774 3531 e'rat

560 3553 918 3608 exstructus.
1640 3581 1647 3588 ·

646 3630 778 3690 187.
817 3623 1046 3682 Eadem
1071 3621 1276 3699 regina
1296 3623 1503 3686 dolum
1524 3625 1703 3684 etiam
1728 3628 2065 3701 quempiam
2096 3627 2426 3687 machinata
2446 3636 2539 3688 est
2559 3619 2775 3700 hujus-

522 3765 533 3772 ,
559 3705 770 3768 modi.·
821 3703 1016 3776 super
1043 3712 1210 3777 porta
1233 3702 1398 3760 urbis
1437 3702 1815 3765 celeberrima
1838 3697 2173 3780 sepulcrum
2198 3709 2423 3766 exstrui
2448 3707 2561 3764 sibi
2585 3703 2775 3778 jussit

561 3783 840 3856 sublime,
871 3781 936 3840 iu
959 3796 1196 3842 summo
1219 3781 1404 3857 ipsius
1429 3789 1633 3856 portae.
1710 3783 1787 3840 Ei
1812 3785 2079 3858 sepulcro
2106 3785 2552 3862 inscriptionem
2588 3786 2776 3846 incidi

561 3860 792 3925 curavit
831 3861 896 3916 in
931 3860 1088 3916 hanc
1125 3861 1515 3918 sententiamx
1558 3859 1619 3918 81
1664 3877 2086 3933 oursssonuu,
2114 3882 2229 3923 our
2266 3883 2417 3924 ros‘r
2446 3881 2535 3922 un
2567 3881 2771 3928 lutosa

561 3953 780 4006 anum·
829 3938 1219 4006 Bannoms,
1259 3955 1535 3996 rucuma
1584 3957 1995 4010 mmoumu'r,
2040 3959 2306 4002 atzmu
2352 3961 2489 4002 noc
2540 3961 2773 4002 sit-rur.-

555 4034 772 4085 ontm,
802 4033 882 4074 ιιι·
912 4031 1121 4078 suun
1155 4032 1469 4074 wana-uu
1498 4033 1823 4078 vomam·
1849 4035 2169 4082 rucuma.
2244 4023 2365 4091 A‘r,
2395 4040 2527 4081 nm
2556 4039 2773 4080 anuo·

563 4114 707 4156 nun
737 4112 1147 4163 mmovaarr,
1177 4113 1418 4158 unaue
1450 4114 1584 4158 nou
1613 4115 1895 4159 arantur.
1972 4100 2114 4160 Nnc
2142 4119 2307 4160 nuru
2337 4119 2407 4158 m
2438 4117 2569 4159 inu
2614 4117 2773 4158 rto·

563 4191 816 4240 mart.
841 4171 1010 4234 “Hoc
1031 4175 1368 4251 sepulerum
1393 4175 1679 4238 intactum
1706 4177 1891 4248 stetit,
1920 4172 2111 4240 donec
2138 4195 2389 4260 regnum
2414 4180 2489 4240 ad
2514 4179 2772 4240 Darium
