2925 4992
558 308 675 361 ³84
788 352 795 361 .
1100 300 1594 369 HERODOTi
1654 302 2021 363 HISTOR.
2083 304 2250 363 vl11.

554 462 839 519 oneravit.
920 464 1055 525 Quo
1100 461 1201 517 ubi
1248 462 1295 516 is
1340 461 1578 535 navigio
1617 462 1913 534 pervenit,
1951 463 2110 537 apud
2155 463 2331 519 duoes
2377 462 2765 523 Barba-orum
2816 456 2818 458 ’

550 540 679 597 haec
702 540 883 597 verba
910 541 1083 597 fecit:
1135 539 1377 598 “Misit
1402 557 1502 595 me
1527 540 1649 595 dux
1678 540 2126 599 Atheniensium
2153 543 2310 599 clam
2337 542 2581 617 reliquis
2609 544 2767 602 Grae-

581 620 743 689 ‘cis;
790 616 953 677 favet
978 621 1133 677 enim
1163 618 1263 675 ine
1290 617 1479 693 Regis
1514 617 1800 693 partibus,
1827 622 2112 695 cupitque
2133 628 2202 677 ut
2242 637 2334 677 res
2359 628 2578 693 vestrae
2601 624 2768 681 rebus

580 698 971 755 ‘Graecorum
998 699 1121 753 sint
1146 714 1504 771 superiores,
1535 697 1702 754 misit
1725 715 1824 755 me
1849 709 2048 757 autem
2071 697 2176 774 qui
2201 699 2370 755 vobis
2398 702 2766 771 nunciarem,

550 778 833 853 “fugam
860 777 1127 835 meditari
1150 778 1411 842 Graecos,
1442 783 1608 833 metu
1633 776 1950 851 perculsos.
2011 776 2197 835 Nunc
2223 778 2409 853 igitur
2433 780 2500 837 in
2525 789 2770 855 promtu

550 863 591 889 “
620 857 787 913 vobis
826 866 916 913 est
958 872 1079 913 rem
1122 855 1403 911 conficere
1443 855 1630 930 longe
1669 856 2196 929 praeelarissimam,
2223 858 2272 913 si
2301 874 2427 915 non
2455 860 2766 917 commise-

572 935 747 991 ‘ritis
772 944 845 991 ut
876 936 961 991 illi
1001 934 1149 1009 fuga
1172 934 1558 991 dilabantur.-
1603 934 1764 991 Nam
1805 952 1917 991 nec
1955 936 2114 993 inter
2137 954 2200 993 se
2243 942 2400 993 sunt
2421 939 2764 1006 concordes,

572 1021 726 1070 ‘nec
752 1015 1003 1087 amplius
1032 1013 1196 1069 vobis
1236 1013 1542 1082 resistent3
1589 1011 1688 1069 sed
1731 1013 2010 1071 adversus
2034 1032 2098 1071 se
2135 1014 2386 1071 invicem
2427 1025 2766 1119 pugnantes

547 1092 891 1149 “videbitis
934 1093 1041 1149 hos
1080 1092 1181 1166 qui
1221 1090 1531 1149 vobiscum
1571 1091 1840 1149 sentiunt
1875 1101 2056 1149 eteos
2077 1094 2180 1168 qui
2221 1098 2478 1153 contra.’
2561 1096 2646 1153 Et
2672 1097 2766 1153 hic

548 1170 809 1245 quidem,
842 1173 933 1229 his
958 1172 1149 1236 dictis,
1178 1188 1211 1226 e
1239 1169 1494 1245 vestigio
1519 1170 1802 1227 discessit.

564 1253 723 1315 76.
764 1248 860 1307 Illi
902 1268 1065 1317 vero,
1090 1249 1268 1306 fidem
1312 1249 1532 1307 nuncio
1571 1248 1934 1319 adhibentes,
1969 1251 2248 1324 primum,
2279 1251 2342 1306 in
2379 1250 2764 1327 Psyttaleam,

540 1346 782 1407 parvam
828 1330 1083 1386 insulam
1126 1330 1281 1385 inter
1306 1326 1666 1384 Salaminem
1707 1334 1768 1384 et
1806 1329 2208 1385 continentem
2247 1329 2446 1397 sitam,
2470 1348 2765 1407 magnum

541 1425 855 1467 numerum
888 1408 1192 1465 Persarum
1220 1420 1650 1481 exposuerunt.
1677 1406 1910 1473 deinde,
1937 1408 2050 1465 sub
2075 1407 2334 1464 mediam
2361 1416 2602 1467 noctem
2627 1428 2764 1469 eve-

539 1488 619 1543 cti
646 1495 789 1543 sunt
816 1488 913 1561 qui
954 1505 1139 1543 cornu
1174 1484 1574 1560 [Graecorum]
1607 1486 1972 1543 occidentem
2001 1494 2270 1561 spectans
2297 1486 2370 1543 ad
2399 1487 2760 1547 Salaminem

537 1565 1023 1635 intercluderent,
1068 1565 1381 1637 simulque,
1408 1563 1515 1639 qui
1555 1564 1628 1620 ad
1653 1564 1836 1621 Ceam
1863 1572 1922 1621 et
1950 1566 2322 1640 Cynosuram
2364 1574 2530 1623 erant
2553 1567 2758 1637 locati,

536 1646 727 1703 evecti
747 1652 908 1712 sunt,
936 1653 997 1701 et
1022 1642 1363 1701 universum
1390 1642 1610 1699 fretum
1637 1660 1828 1717 usque
1851 1644 1928 1699 ad
1951 1644 2346 1716 Munychiam
2373 1659 2762 1719 occuparunt.

536 1722 749 1781 Evecti
772 1732 973 1781 autem
1001 1721 1091 1781 his
1120 1722 1367 1780 navibus
1394 1728 1532 1778 sunt
1559 1739 1630 1777 eo
1655 1722 1924 1790 consilio,
1953 1740 2074 1796 quo
2099 1724 2250 1798 fuga
2287 1724 2440 1781 elabi
2469 1742 2593 1781 non
2621 1743 2760 1798 pos-

511 1828 516 1833 ·
540 1810 673 1860 sent
698 1803 913 1871 Graeci,
932 1804 1033 1861 sed
1060 1804 1133 1863 ad
1164 1802 1527 1859 Salaminem
1549 1796 1940 1858 circumventi
1965 1819 2170 1877 poenas
2187 1802 2396 1860 darent
2418 1804 2762 1876 praeliorum

536 1882 611 1939 ad
662 1882 1041 1943 Artemisium
1094 1882 1409 1939 factorum.
1488 1876 1563 1935 Ῑιι
1615 1880 1894 1956 exiguam
1943 1898 2084 1938 vero
2131 1881 2294 1937 illam
2342 1882 2614 1953 insulam,
2664 1887 2766 1941 cui

533 1959 833 2035 Psyttalea
873 1978 1118 2027 nomen,
1160 1961 1443 2017 idoneum
1488 1957 1802 2017 Persarum
1847 1978 2162 2017 numerum
2199 1969 2595 2032 exposuerunt
2645 1964 2762 2021 hoc

531 2040 797 2105 consilio,
824 2046 915 2105 ut,
940 2041 1223 2112 quoniam
1267 2038 1468 2111 praelio
1501 2037 1658 2093 facto
1699 2039 1898 2097 navali
1939 2047 1998 2095 et
2039 2038 2310 2095 homines
2337 2046 2396 2095 et
2441 2040 2761 2117 naufragia

532 2119 651 2175 huc
674 2118 931 2175 maxime
958 2118 1221 2174 delatum
1251 2118 1321 2172 iri
1348 2114 1729 2183 videbantur,
1763 2120 1903 2192 (sita
1927 2118 2084 2174 enim
2111 2118 2308 2173 insula
2331 2126 2456 2173 erat
2495 2120 2561 2175 in
2599 2118 2760 2179 freto

530 2198 635 2255 ubi
662 2212 867 2273 pugna
892 2204 1019 2253 erat
1046 2194 1344 2265 facienda)
1376 2196 1459 2252 ibi
1499 2210 1638 2251 suos
1682 2204 2006 2263 servarent,
2037 2196 2234 2253 hos-tes
2277 2214 2416 2252 vero
2459 2198 2756 2257 interfice-

494 2280 505 2291 ”
529 2283 676 2333 rent.
756 2276 1003 2333 Silentio
1030 2283 1229 2333 autem
1260 2275 1387 2331 haec
1414 2272 1618 2331 omnia
1660 2274 1948 2339 fecerunt,
1975 2292 2049 2331 ne
2075 2274 2622 2335 animadverterent
2649 2279 2760 2335 ad-

530 2355 808 2413 versarii:
852 2362 915 2411 et
942 2373 1049 2429 per
1077 2363 1265 2412 totam
1290 2362 1546 2421 noctem,
1576 2353 1740 2409 nulla
1765 2355 1958 2427 quiete
1989 2360 2206 2421 sumta,
2237 2355 2296 2410 in
2325 2354 2442 2411 hoc
2469 2356 2760 2431 adparatu

529 2434 695 2492 fuere
720 2436 1010 2508 occupati.

604 2516 703 2577 77.
742 2510 813 2569 Ῑιι
853 2512 955 2569 has
998 2530 1089 2570 res
1128 2510 1274 2567 tales
1318 2510 1592 2603 equidem
1633 2513 1892 2579 intuens,
1921 2528 2138 2587 negare
2181 2528 2301 2569 non
2342 2529 2590 2586 possum
2617 2532 2758 2571 vera

526 2608 651 2650 esse
676 2592 911 2649 oracula
938 2593 1055 2648 huc
1074 2590 1431 2665 spectantia,
1466 2608 1578 2648 nec
1603 2586 1842 2662 rejicere
1867 2590 2128 2649 conabor
2153 2580 2476 2649 manifeste
2501 2592 2755 2669 loquen-

527 2672 627 2727 tia.

782 2801 853 2845 At
876 2812 1023 2859 quum
1045 2810 1229 2843 sacrum
1251 2797 1422 2843 Dianae
1445 2798 1584 2843 littus
1609 2810 1774 2843 aureo·
1751 2796 2157 2843 -ense-instructae

781 2864 995 2911 Navibus
1019 2864 1149 2909 velut
1170 2866 1319 2923 ponte
1341 2864 1596 2909 straverint
1615 2866 1664 2909 et
1685 2862 2032 2908 mari-cinctam
2058 2862 2374 2923 Cynosuram,

786 2930 963 2976 Insana
984 2941 1067 2989 spe
1090 2928 1283 2975 vastatis
1307 2928 1562 2988 splendidis
1582 2928 1822 2987 Athenis3

778 2996 907 3043 Τιιιιι
928 2994 1037 3041 diva
1058 2993 1283 3044 Vindicta
1302 2994 1576 3071 exstinguet
1595 2962 1828 3041 mineceu’x
1847 2992 2148 3051 Satietetem,
2169 2972 2490 3050 Contumelia
2512 2993 2686 3055 filim,

782 3062 901 3109 Dite
920 3062 1175 3118 furentem,
1198 3060 1453 3121 omnisque
1473 3063 1729 3108 conantem
1749 3062 1973 3107 evertere.

778 3128 866 3173 AEs
889 3127 1017 3173 enim
1040 3128 1121 3172 aeri
1142 3126 1435 3185 miscebitur,
1457 3131 1510 3171 et
1530 3126 1760 3181 sanguine
1783 3126 1976 3169 Mavors

734 3192 989 3238 Pontum
1010 3190 1280 3238 rubefaciet.
1346 3190 1488 3239 Tanc
1510 3191 1742 3237 libertatis
1765 3189 1888 3236 diem
1914 3170 2136 3235 Graeciae

777 3256 964 3302 Reddet
986 3258 1309 3304 late-cernens
1329 3255 1581 3304 Saturnius
1604 3260 1654 3303 et
1675 3256 1800 3303 alma
1821 3254 2052 3301 Victoria.

516 3384 605 3439 Ad
648 3384 775 3440 haec
816 3386 977 3453 talia,
1006 3393 1067 3442 et
1106 3385 1381 3443 adversus
1428 3385 1516 3442 ita
1557 3386 1711 3442 clere
1751 3384 2096 3458 loquentem
2141 3380 2448 3450 Bacidem,
2474 3401 2590 3441 nec
2629 3400 2743 3459 ego

516 3463 945 3521 contradicendi
972 3467 1223 3530 oraculis
1262 3478 1471 3523 caussa
1505 3464 1828 3539 quidquam
1859 3462 2048 3519 dicere
2087 3459 2302 3529 auden,
2331 3478 2445 3519 nec
2477 3462 2566 3533 ,ab
2609 3462 2741 3521 aliis

516 3542 742 3599 dictum
772 3544 1037 3601 admitto,

592 3626 690 3686 78.
734 3624 874 3680 Jam
914 3625 1065 3681 inter
1103 3624 1279 3681 duces
1316 3624 1390 3680 ad
1416 3623 1756 3681 Salaminem
1794 3621 1990 3697 gravis
2030 3618 2350 3677 exsistebat
2390 3637 2733 3681 sermonum

512 3704 830 3761 contentio.
910 3702 1037 3759 Nec
1073 3702 1216 3759 dum
1243 3720 1382 3759 vero
1409 3702 1500 3759 illi
1537 3708 1840 3767 noverant,
1870 3699 2130 3772 undique
2169 3698 2429 3755 inclusos
2455 3717 2521 3757 se
2547 3718 2672 3757 esse
2697 3717 2736 3757 a

510 3782 823 3839 Barbarie:
870 3780 993 3849 sed,
1024 3789 1088 3837 ut
1122 3782 1254 3838 illos
1294 3780 1552 3839 interdiu
1589 3780 1815 3838 locatos
1842 3779 2134 3845 viderant,
2159 3777 2245 3835 ita
2269 3776 2527 3835 eodem
2507 3796 2576 3836 ιιι
2603 3781 2732 3837 loco

512 3863 802 3919 mansisse
826 3878 931 3919 eos
960 3860 1270 3935 putabant.

588 3944 686 4003 79.
725 3938 893 4008 Dum
921 3941 1071 3997 inter
1104 3958 1167 3997 se
1206 3940 1564 3997 altercantur
1591 3937 1805 4008 duces3
1851 3937 2094 3995 interim
2119 3953 2196 3999 ex
2219 3935 2440 4013 AEgina
2478 3934 2726 4011 trauecti-

510 4026 603 4075 rat
628 4019 930 4088 AristideS,
957 4018 1297 4096 Lysimachi
1334 4018 1513 4086 filius,
1541 4017 1688 4075 civis
1717 3981 1966 4105 qu'idem
1985 4016 2381 4084 AthetiiensiS‚
2405 4016 2512 4073 sed
2541 4025 2726 4077 ostra-

512 4098 701 4155 cismo
725 4098 1036 4157 damnatus
1065 4118 1103 4155 a
1140 4098 1392 4173 populo3
1438 4114 1620 4173 quem
1657 4114 1796 4174 ege,
1821 4103 1890 4153 ut
1915 4091 2043 4167 ejus
2083 4114 2277 4155 mores
2315 4096 2536 4170 accepi,
2565 4098 2718 4173 opti-

512 4194 681 4237 mum
706 4177 951 4237 Athenis
990 4178 1187 4239 virum
1222 4174 1736 4253 justissimumque
1759 4175 1944 4235 fuisse
1971 4174 2195 4248 judico.
2275 4174 2398 4233 Hic
2423 4176 2537 4245 vir,
2566 4185 2722 4245 stans
