2925 4992
1127 279 1498 341 URANIA.
2271 287 2388 343 403

265 442 401 497 1422
440 438 563 501 Ubi
602 440 787 515 igitur
822 437 1052 495 dicendi
1093 438 1269 497 finem
1296 438 1628 512 Alexander
1665 438 1828 505 fecit,
1857 456 2194 497 sermonem
2219 440 2380 497 exci-

175 503 1533 687 Ρ“ἰ“ἑῗι,ῗέἒέἒέ,ἒέῗῗ“ζὲιῗιῖιέἒῖἳὲὲῗὲῗξὲ
1551 528 1719 671 Ξῖὲῖἔ
1753 520 2064 655 2222sz
2089 518 2312 655 {233⁰
2319 527 2386 653 ¹1²ss

179 682 223 708 “
257 676 489 733 Graecia
524 678 835 743 moveatis,
864 692 1055 748 neque
1095 675 1461 733 conditiones
1479 662 1824 733 admittatis
1851 696 1888 733 a
1921 676 2180 733 Barbam
2221 676 2390 733 vobis

175 760 222 787 “
252 755 503 813 oblatas.
581 754 737 813 Nam
768 764 828 811 et
854 754 1285 827 iniquissimum
1310 753 1426 810 hoc
1453 754 1647 827 foret3
1691 764 1750 811 et
1777 756 1904 811 aliis
1941 756 2176 829 quidem
2205 755 2386 811 etiam

174 830 473 889 “Graecis
500 835 805 900 omnibus,
834 834 936 891 sed
969 832 1137 891 vobis
1176 832 1432 889 maxime
1460 830 1754 900 omnium,
1779 834 2096 909 indignum
2123 842 2182 889 et
2221 834 2387 889 inde·-

173 918 225 969 “.
250 930 501 982 corum3
552 914 725 986 idque
765 913 965 971 multis
997 913 1069 972 de
1109 912 1345 969 caussis.
1423 911 1582 967 Nam
1626 912 1846 969 bellum
1892 912 2000 969 hoc
2028 930 2154 978 vos,
2183 912 2386 968 invitis

169 996 215 1022 ‘⁸
248 991 447 1057 nobis,
474 991 847 1047 concitastis.
829 1007 844 1021 ·
888 1002 949 1049 et
975 990 1149 1048 initio
1174 991 1247 1047 de
1271 997 1463 1046 vestra
1501 990 1693 1047 solum
1732 998 1890 1047 terra
1913 998 2208 1049 certamen
2241 991 2382 1057 fuit,

170 1076 217 1100 “
246 1086 415 1125 nunc
443 1087 581 1127 vero
622 1070 693 1125 ad
738 1070 1073 1127 universam
1114 1068 1292 1125 etiam
1331 1069 1582 1142 pertinet
1624 1069 1932 1127 Graeciam.
2011 1070 2161 1133 Quae
2199 1084 2384 1143 quum

195 1148 329 1203 ‘ita
353 1147 501 1215 sint,
530 1156 697 1205 tanto
724 1149 913 1223 magis
942 1150 1095 1205 foret
1116 1144 1501 1214 intolerabile,
1529 1147 1580 1203 si
1605 1148 1903 1205 servitutis
1930 1158 2194 1205 auctores
2221 1148 2389 1205 Grae-

201 1226 341 1282 ‘cis
371 1226 583 1283 fierent
606 1227 1027 1299 Athenienses,
1070 1228 1171 1300 qui
1201 1242 1430 1299 semper
1448 1234 1516 1282 ,ει
1549 1220 1680 1296 jam
1707 1244 1744 1283 a
1783 1228 1984 1301 priscis
2025 1228 2388 1301 temporibus

176 1303 455 1378 “palam
484 1304 777 1364 libertatis
798 1316 1063 1363 auctores
1104 1305 1308 1379 multis
1348 1304 1687 1362 bominibus
1727 1304 1986 1364 fuerunt.
2065 1306 2242 1366 Quod
2281 1324 2388 1363 au-

166 1389 375 1439 “tem
403 1401 509 1440 vos
552 1402 669 1457 prae
695 1387 915 1443 caeteris
944 1387 1055 1443 hoc
1086 1382 1241 1449 bello
1284 1384 1638 1471 premimini,
1666 1391 1726 1441 et
1751 1384 2001 1441 duorum
2036 1380 2162 1454 jam
2191 1402 2386 1442 anno·

165 1468 212 1494 “
241 1479 387 1522 rum
411 1461 701 1519 fructibus
728 1462 865 1519 estis
890 1464 1123 1537 privati,
1138 1471 1209 1519 et
1234 1462 1460 1519 tamdiu
1491 1458 1620 1533 jam
1643 1456 1868 1519 domus
1886 1473 1946 1519 et
1969 1463 2222 1521 fortunae
2248 1481 2383 1521 ves-

166 1548 215 1574 “
240 1548 357 1597 trae
382 1558 598 1597 eversae
618 1537 835 1613 jacent,
863 1544 1245 1601 condolemus
1275 1541 1620 1601 vobiscum:
1666 1550 1726 1597 et
1754 1550 2062 1614 propterea
2103 1542 2384 1621 profiten-

169 1626 217 1653 “
246 1628 355 1676 tur
398 1619 561 1677 vobis
602 1620 1005 1695 recipiuntque
1044 1619 1476 1677 Lacedaemonii
1513 1627 1570 1675 et
1611 1619 1818 1693 reliqui
1856 1621 2016 1687 socii,
2041 1616 2282 1677 alituros
2305 1639 2390 1679 se

190 1706 457 1755 ‘uxores
481 1707 699 1755 vestras
721 1707 781 1756 et
784 1700 1086 1775 quidquid
1115 1700 1316 1753 vestris
1336 1699 1399 1753 in
1430 1697 1669 1755 familiis
1685 1699 1760 1755 ad
1787 1698 2006 1755 bellum
2035 1707 2126 1755 est
2149 1700 2381 1768 inutile,

166 1777 441 1868 “quoad
468 1778 693 1835 bellum
722 1777 829 1834 hoc
849 1780 1192 1837 duraturum
1220 1784 1324 1833 est.
1366 1776 1459 1833 Ne
1485 1794 1621 1833 vero
1649 1777 1979 1833 Alexander
2003 1776 2251 1835 Macedo
2277 1778 2384 1836 lae-

162 1855 449 1929 “vigato
473 1855 771 1913 Mardonii
798 1874 1069 1913 sermone
1098 1872 1199 1911 vos
1228 1846 1636 1911 commoveat!
1682 1854 1837 1913 Huic
1865 1856 2023 1913 enim
2053 1856 2166 1913 hoc.
2193 1857 2384 1915 facere

188 1935 565 2005 ‘convenit3
614 1936 853 2009 quippe,
880 1946 1165 2010 tyrannus
1204 1951 1386 2006 quum
1432 1936 1530 2000 sit,
1559 1941 1810 2009 tyranno
1845 1952 2082 2008 operam
2129 1944 2385 2009 praestat.

159 2021 207 2047 ‘⁶
240 2015 325 2069 At
348 2030 454 2069 vos
494 2030 619 2069 ιιοιι
646 2014 897 2080 facietis,
928 2016 974 2070 si
1004 2014 1237 2088 quidem
1268 2021 1422 2068 recte
1447 2010 1685 2085 sapitis;
1731 2012 1878 2071 bene
1919 2015 2115 2089 gnari,
2143 2017 2205 2072 in
2231 2016 2379 2072 Bar-

160 2098 207 2125 “
238 2092 401 2147 baris
429 2108 535 2147 nec
560 2092 735 2148 fidem
765 2110 871 2147 nec
898 2094 1201 2149 veritatem
1230 2094 1410 2147 esse.”
1495 2090 1639 2147 Haec
1666 2090 1929 2166 Spartani
1959 2092 2140 2168 legati
2163 2094 2378 2151 dixere.

254 2172 390 2226 143.
432 2170 812 2227 Athenienses
837 2188 977 2228 vero
1006 2169 1337 2228 Alexandro
1368 2170 1430 2224 in
1456 2168 1614 2225 hunc
1639 2170 1882 2226 modum
1914 2172 2379 2243 responderunt:

163 2259 210 2285 “
243 2249 345 2306 Ne
370 2266 481 2305 nos
500 2249 735 2322 quidem
762 2250 1129 2324 ignoramus,
1151 2248 1351 2304 multis
1376 2248 1644 2319 partibus
1671 2243 1956 2316 majorem
1974 2248 2176 2316 Medo,
2204 2265 2382 2324 quam

164 2334 209 2364 “
244 2328 442 2395 nobis,
472 2346 597 2384 esse
634 2328 997 2403 potentiam3
1040 2336 1109 2383 ut
1150 2342 1271 2381 ιιοιι
1312 2341 1459 2398 opus
1505 2326 1580 2380 sit
1606 2324 1680 2380 de
1722 2325 1821 2381 illa
1861 2344 1967 2381 nos
2010 2327 2202 2383 multa
2239 2346 2380 2387 cum

160 2416 209 2443 “
238 2408 643 2464 ostentatione
696 2407 1029 2463 admonere.
1108 2404 1559 2469 Verumtamen,
1617 2420 1804 2477 quum
1855 2404 2142 2461 libertatis
2195 2408 2379 2465 simus

162 2495 205 2521 “
236 2481 513 2551 studiosi,
538 2486 875 2542 resistemus
914 2486 970 2541 ei
1008 2500 1383 2559 quocumque
1410 2482 1591 2538 modo
1631 2483 1967 2556 poterimus,
2047 2486 2279 2559 Itaque,
2308 2494 2380 2544 ut

158 2564 581 2621 “societatem
606 2564 1020 2621 contrahamus
1044 2581 1179 2620 cum
1202 2562 1489 2629 Barbam,
1508 2560 1706 2617 desine
1729 2563 1927 2618 conari
1953 2570 2022 2620 ut
2045 2563 2217 2621 nobis
2241 2583 2377 2639 per-

158 2650 203 2683 “
237 2643 521 2713 suadeas3
568 2660 672 2699 nec
700 2643 860 2699 enim
888 2637 1277 2717 persuadebis.
1356 2638 1540 2696 Nunc
1564 2658 1704 2696 vero
1733 2643 2010 2699 renuncia
2033 2642 2372 2714 Mardonio,

160 2732 205 2759 “
238 2724 435 2779 dicere
471 2685 885 2788 Athenienses,
906 2737 1223 2796 quousque
1262 2718 1353 2775 sol
1392 2720 1598 2774 eadem
1639 2720 1736 2773 via
1777 2720 2029 2788 incedet,
2067 2739 2186 2795 qua
2223 2740 2385 2779 nunc

162 2810 212 2837 “
247 2801 489 2868 incedit,
516 2818 839 2875 numquam
863 2818 969 2857 nos
997 2800 1335 2857 societatem
1361 2798 1615 2853 inituros
1641 2814 1774 2853 cum
1804 2797 2038 2855 Xerxe.
2083 2801 2180 2856 sed
2207 2797 2378 2872 adju-

159 2879 469 2938 “toribus
510 2878 870 2935 confidentes
910 2878 1019 2935 diis
1060 2885 1122 2934 et
1157 2876 1455 2941 heroibus,
1484 2874 1696 2948 quibus
1739 2875 1836 2932 ille
1879 2879 2086 2951 spretis
2132 2879 2284 2936 aedes
2319 2888 2380 2936 et

160 2958 557 3019 “simulacra
581 2976 792 3014 eorum
815 2952 1115 3021 cremavit,
1140 2952 1372 3011 fortiter
1410 2953 1732 3027 pugnando
1761 2954 1958 3011 ulcisci
2001 2956 2170 3011 illum
2201 2974 2378 3013 cona-

188 3038 459 3095 ‘bimur.
538 3036 618 3094 Et
646 3048 709 3092 tu
740 3054 900 3102 cave,
929 3054 1001 3091 ne
1028 3034 1272 3108 posthac
1304 3032 1450 3089 tales
1495 3030 1766 3087 adferens
1803 3050 2102 3091 sermones
2129 3036 2379 3093 Athenis

160 3124 207 3151 “
238 3115 653 3189 conspiciaris3
700 3132 890 3188 neque
934 3130 1042 3189 per
1082 3112 1349 3199 speciem
1376 3110 1705 3168 commodis
1742 3112 1953 3167 nostris
1997 3110 2378 3181 inserviendi,

184 3203 307 3253 ‘ut
355 3194 585 3250 nefaria
630 3158 934 3258 iaciamus,
975 3209 1081 3248 nos
1134 3186 1417 3247 ὶιθιιειὶε.
1463 3188 1740 3245 nolumus
1791 3190 1952 3247 enim
1999 3191 2109 3248 tibi
2156 3193 2380 3268 ingrati

159 3276 211 3309 ‘⁸'
244 3271 551 3347 quidpiam
588 3272 849 3329 accidere
888 3270 963 3326 ab
990 3268 1479 3336 Atheniensibus,
1509 3284 1693 3341 quum
1734 3268 1814 3325 sis
1856 3270 2126 3343 publicus
2164 3271 2380 3347 hospes

158 3360 210 3388 “
239 3359 442 3409 noster
466 3358 527 3407 et
552 3352 830 3407 amicus.”

245 3436 385 3487 144.
430 3429 579 3487 Haec
608 3446 791 3502 quum
815 3427 1145 3484 Alexandro
1170 3424 1550 3484 Athenienses
1593 3427 2054 3500 respondissent,
2084 3428 2155 3485 ad
2183 3427 2377 3487 Lace-

155 3510 489 3568 daemonios
538 3523 871 3564 sermonem
915 3514 1326 3563 converterunt
1380 3507 1472 3561 his
1518 3505 1712 3560 verbis
1740 3528 1753 3562 :
1803 3512 1848 3538 “
1877 3505 2052 3565 Quod
2104 3518 2382 3565 verentur

154 3596 207 3623 ‘⁸'
234 3588 670 3665 Lacedaemonii
707 3605 781 3643 ne
821 3603 954 3642 cum
997 3584 1271 3641 Bai-baris
1314 3602 1422 3641 nos
1464 3584 1804 3641 societatem
1845 3586 2286 3652 contrahamus,
2315 3587 2377 3643 id

156 3676 207 3703 ‘⁸'
238 3685 381 3723 vero
409 3665 727 3723 admodum
762 3664 1089 3721 humanum
1117 3671 1222 3719 est.
1301 3662 1379 3719 At
1419 3663 1668 3735 turpiter
1704 3663 1911 3735 utique
1949 3664 2062 3719 hoc
2087 3664 2376 3721 videmini

157 3754 205 3780 “
234 3746 462 3815 verer-13
495 3761 701 3817 quum,
728 3760 849 3817 quo
876 3752 1048 3817 pacto
1076 3742 1319 3798 animati
1342 3743 1465 3797 sint
1491 3740 1892 3808 Athenienses,
1918 3758 2041 3798 non
2070 3743 2376 3817 ignoretis.

157 3832 208 3860 ‘⁶'
237 3825 451 3897 Neque
476 3824 637 3880 enim
664 3832 829 3879 tanta
855 3822 981 3877 auri
1004 3821 1173 3895 copia
1194 3838 1446 3894 usquam
1477 3827 1586 3885 est,
1611 3836 1800 3893 neque
1826 3828 1980 3877 terra
2004 3819 2132 3877 ulla
2155 3820 2375 3894 pulcri-

162 3910 215 3939 “
239 3903 447 3961 tudine
469 3910 531 3959 et
554 3901 855 3958 fertilitate
882 3901 965 3958 ita
989 3906 1288 3972 maestam,
1317 3906 1388 3954 ut
1412 3916 1484 3953 ea
1509 3908 1748 3971 accepta
1772 3899 2056 3955 vellemus
2081 3915 2218 3955 cum
2243 3899 2376 3957 Me-

158 3989 208 4019 “
238 3983 329 4040 dis
352 3982 570 4048 facere,
598 3987 657 4037 et
682 3980 968 4035 Graeciam
997 3977 1258 4053 redigere
1298 3978 1361 4032 in
1395 3978 1754 4035 servitutem.
1832 3976 2074 4033 Etenim
2103 3976 2294 4035 multa
2317 3989 2380 4037 et

159 4068 211 4095 “
238 4078 465 4138 magna
491 4067 650 4125 sunt,
680 4075 811 4132 quae
838 4074 971 4123 nos,
998 4074 1077 4113 ne
1110 4057 1175 4115 id
1210 4056 1519 4123 faciamus,
1548 4056 1726 4112 etiam
1766 4055 1816 4111 si
1841 4054 2151 4122 vellemus,
2177 4059 2376 4131 prohi-

162 4146 217 4175 “
242 4141 447 4201 beant.
526 4138 792 4196 Primum
826 4135 1087 4211 quidem,
1115 4143 1175 4194 et
1200 4135 1484 4210 maxime,
1509 4134 1753 4193 deorum
1795 4132 2109 4191 simulacra
2135 4144 2196 4194 et
2221 4144 2377 4194 tem-

1200 4218 1237 4271 3
1270 4230 1302 4269 r
1326 4216 1367 4272 2
