2925 4992
477 380 512 417 ,
571 336 691 397 993
1105 334 1603 397 HERODOTI
1665 332 2031 395 HlsToR.
2086 332 2193 395 v1.

579 502 624 529 “
650 512 834 553 unum
861 510 982 571 prae
1011 494 1232 551 caeteris
1259 492 1591 570 seligerem,
1618 492 1967 567 posthabitis
1992 492 2143 551 aliis.
2214 491 2311 562 At,
2336 484 2618 567 qnoniam
2640 494 2751 553 fleri

580 580 622 607 “
650 592 768 632 non
813 584 1026 649 potest,
1051 582 1141 640 ut,
1184 590 1367 648 quum
1411 572 1486 627 (le
1526 588 1645 627 una
1684 570 1909 646 virgine
1944 572 2284 638 deliberem,
2308 574 2593 630 omnium-
2616 574 2755 631 votis

579 658 624 685 ⁸‘
649 652 828 709 simul
855 648 1205 709 satisfaciam
1227 676 1243 723 3
1290 652 1371 707 eis
1399 668 1432 706 e
1459 660 1655 707 vestro
1682 666 1953 716 numero,
1980 650 2083 724 qui
2112 650 2201 706 his
2228 652 2443 725 nuptiis
2470 652 2754 717 excidunt,

581 737 625 764 “
654 732 943 788 talentum
971 726 1201 806 argenti
1240 728 1395 785 dono
1421 729 1499 785 do
1522 728 1862 802 unicuique,
1890 730 2043 801 qnod
2080 736 2141 785 et
2166 728 2398 804 dignati
2422 730 2565 787 estis
2590 730 2757 787 filiam

579 814 628 843 “
658 826 851 865 meam
893 811 951 865 in
993 807 1436 865 matrimonium
1482 814 1697 881 petere,
1730 820 1790 863 et
1828 807 2105 863 domibus
2142 808 2349 863 vestris
2390 824 2633 883 peregre
2666 808 2761 865 ab·

581 894 626 920 “
655 888 885 944 fuistis:
927 886 1184 962 Megacli
1229 900 1389 951 vero,
1419 884 1767 943 Alcmeonis
1806 884 1955 954 filio,
1996 902 2191 941 meam
2240 884 2420 942 filiam
2467 886 2758 963 Agar-istan

582 972 625 998 “
654 964 988 1041 despondeo
1013 983 1084 1021 ex
1117 964 1558 1020 Atheniensium
1586 962 1879 1038 legibus.”
1936 964 2253 1036 Quumque
2273 964 2573 1039 Megacles
2592 964 2761 1021 ‘dixis-

579 1052 689 1112 set,
718 1046 964 1119 accipere
988 1060 1044 1099 se
1071 1044 1442 1109 conditionem,
1470 1050 1663 1098 ratum
1696 1041 2138 1097 matrimonium
2166 1040 2503 1101 Clisthenes
2528 1041 2739 1099 babuit.

663 1128 791 1181 181.
833 1122 944 1188 lta,
974 1122 1134 1197 quod
1167 1121 1241 1178 ad
1271 1121 1559 1190 judicium
1582 1134 1897 1195 procorum
1926 1126 2170 1194 spectat,
2199 1128 2367 1195 gesta
2386 1138 2481 1177 nes
2508 1130 2639 1192 εει,
2678 1131 2759 1177 at·

576 1218 693 1276 que
729 1202 813 1259 ita
851 1201 1076 1257 factum
1103 1206 1213 1266 est,
1241 1208 1310 1256 ut
1342 1198 1759 1256 Alcmoeonidae
1796 1214 1902 1271 per
1934 1198 2271 1255 universam
2296 1198 2591 1256 Greciam
2626 1200 2760 1257 cele-

578 1281 903 1337 brarentur.
959 1278 1054 1335 Ex
1077 1280 1193 1335 isto
1221 1284 1420 1334 autem
1449 1275 1827 1333 matrimonio
1852 1284 2023 1333 natus
2045 1276 2303 1352 Meg-aeli
2330 1285 2419 1333 est
2444 1278 2759 1335 Clisthenes

577 1358 698 1427 ille,
733 1358 835 1433 qui
877 1356 1078 1414 decem
1123 1356 1312 1413 tribus
1352 1366 1413 1412 et
1451 1355 1869 1412 democratiam
1910 1355 2367 1413 Atheniensibus
2412 1357 2754 1427 constituit3

578 1438 674 1494 cui
715 1452 929 1494 nomen
973 1434 1314 1506 impositum
1349 1442 1475 1491 erat
1500 1434 1573 1491 de
1596 1434 1695 1489 avi
1732 1434 1981 1489 materni
2016 1434 2261 1491 nomine
2284 1434 2582 1507 Sicyonii:
2624 1452 2758 1509 pra·-

575 1524 780 1591 terque
799 1516 956 1571 hunc
975 1532 1048 1570 ex
1069 1513 1274 1571 eodem
1297 1512 1675 1569 matrimonio
1696 1520 2031 1585 procreatus
2054 1520 2145 1568 est
2164 1512 2587 1586 Hippocratusz
2626 1512 2761 1587 Hip·

573 1595 800 1671 pocrati
831 1610 966 1649 vero
1011 1600 1182 1649 natus
1222 1598 1310 1647 est
1349 1592 1498 1647 alius
1538 1590 1835 1666 Meg-acies
1874 1600 1935 1646 et
1974 1591 2091 1647 alia
2114 1592 2403 1665 Agat-iste,
2431 1610 2573 1665 quae
2594 1608 2633 1648 a
2654 1592 2761 1649 cli-

576 1670 797 1731 sthenis
826 1672 1092 1748 Agariste
1119 1686 1335 1727 nomen
1363 1665 1606 1725 invenit.
1673 1668 1821 1725 Haec
1846 1677 1937 1725 est
1962 1670 2250 1744 Agariste,
2278 1686 2433 1744 quoe,
2460 1679 2757 1745 postquam

575 1752 920 1825 Xanthippo
943 1749 1165 1825 nupsit,
1185 1745 1523 1823 Ariphronis
1546 1746 1688 1812 filio,
1704 1756 1763 1803 et
1789 1748 2034 1823 gravida
2062 1748 2215 1805 facta
2236 1758 2347 1814 est,
2366 1766 2477 1821 per
2500 1765 2758 1807 somnum

574 1830 687 1887 sibi
731 1831 857 1887 visa
896 1835 1021 1884 erat
1059 1829 1294 1884 leonem
1337 1827 1647 1901 peperisse,
1678 1842 1747 1882 ac
1788 1828 1990 1901 paucis
2030 1823 2349 1897 interiectis
2378 1828 2591 1885 diebus
2620 1828 2759 1886 Peri-

575 1908 728 1965 clem
755 1906 1099 1983 Xanthippo
1123 1906 1367 1981 peperit.
1806 1916 1815 1923 ·

659 1990 791 2043 139..
831 1986 998 2041 Posi·
1020 1984 1246 2041 cladem
1265 1982 1452 2039 Persis
1478 1982 1551 2039 ad
1576 1982 1988 2040 Marathonem
2014 1982 2240 2041 illatam
2264 1984 2575 2054 Miltiades,
2592 2002 2755 2061 quum

565 2061 692 2135 jam
721 2072 854 2121 ante
881 2080 1101 2137 magna
1127 2062 1186 2119 in
1223 2062 1657 2118 existimatione
1696 2062 1906 2118 fuisset
1944 2062 2097 2135 apud
2125 2060 2529 2130 Athenienses,
2556 2062 2760 2135 nidore

571 2144 745 2201 etiam
773 2142 889 2199 fuit
919 2140 1282 2197 auctoritate.
1365 2140 1594 2213 ltaque,
1622 2156 1809 2213 quum
1852 2141 2112 2215 petiisset
2146 2142 2221 2197 ab
2262 2142 2375 2197 illis
2402 2144 2759 2219 septuaginta

573 2230 751 2279 naves
775 2228 834 2278 et
862 2220 1179 2277 exercitum
1221 2226 1396 2293 atque
1437 2220 1770 2292 pecuniam,
1798 2221 1999 2276 celans
2034 2218 2275 2293 quidem
2314 2229 2537 2279 terram
2576 2232 2758 2279 contra

572 2294 750 2376 quain
780 2299 1061 2357 ducturus
1088 2305 1259 2364 esset,
1281 2298 1403 2364 sed,
1432 2299 1736 2353 ditaturum
1763 2316 1819 2353 se
1837 2316 1943 2364 eos,
1972 2297 2195 2365 dicens,
2214 2302 2263 2354 si
2286 2301 2469 2372 ipsum
2492 2318 2755 2373 sequeren-

573 2388 702 2447 tur-‚-
745 2383 801 2435 in
839 2377 1099 2451 ejusmodi
1138 2379 1279 2432 enim
1321 2384 1522 2432 terram
1549 2394 1605 2431 se
1630 2394 1719 2433 eos
1740 2379 2048 2443 ducturum,
2076 2380 2219 2433 unde
2256 2378 2479 2452 affatim
2516 2382 2643 2436 auri
2670 2381 2753 2435 de-

517 2507 533 2531 ,
566 2460 850 2533 portaturi
874 2466 1042 2514 essent
1061 2480 1080 2511 .·
1121 2456 1248 2511 haec
1271 2472 1458 2547 quum
1504 2454 1599 2510 ille
1626 2456 1823 2513 dicens
1850 2472 2027 2512 naves
2072 2456 2355 2529 petiisset,
2380 2458 2753 2516 Athenienses

571 2554 679 2687 {P}
687 2532 1849 2686 ἐξὲῗρὲῐιἛὶςῗειιέἓεῗιαὲἓζξΐοάῗὲὲζὶἳὲ,
1890 2612 2101 2669 Parnm
2140 2576 2471 2689 navigavit,
2504 2632 2752 2673 caussam

433 2710 460 2735 ·‘
567 2702 896 2769 praetexens
925 2692 1078 2765 quod
1107 2690 1263 2747 Parii
1291 2688 1529 2746 Pei-sam
1571 2691 1644 2745 ad
1670 2690 2085 2749 Marathonem
2127 2694 2263 2749 navi
2302 2694 2539 2751 triremi
2578 2701 2750 2751 essent

567 2772 772 2839 s'ecuti,
801 2770 1058 2843 adeoque
1085 2770 1304 2843 priores
1336 2782 1501 2824 arma
1540 2769 1871 2825 intulissent
1899 2771 2379 2828 Atheniensibus.
2470 2772 2611 2831 Hoc
2632 2774 2750 2847 qui-

567 2846 702 2907 dem
731 2848 925 2907 colore
950 2849 1226 2905 utebatur
1250 2846 1565 2903 orationis:
1612 2857 1884 2903 caeterum
1926 2849 2201 2907 infensus
2226 2850 2409 2908 etiam
2436 2859 2565 2909 erat
2586 2851 2751 2909 Pariis

567 2936 804 3005 propter
849 2928 1209 3003 Lysagoram
1254 2926 1432 2982 Tisiae
1480 2925 1687 2991 lilium,
1730 2944 1945 3001 genere
1992 2928 2249 2996 Parium,
2284 2930 2385 3005 qui
2430 2948 2573 2987 enm
2612 2928 2749 3006 apud

567 3008 884 3084 Hydai-nen
920 3002 1157 3063 Persam
1196 3012 1585 3062 accusaverat.
1666 3004 1983 3079 Postquam
2024 3009 2097 3063 ad
2140 3008 2421 3073 insulam,
2447 3026 2626 3083 quam
2664 3026 2749 3083 pe·

563 3088 756 3154 tierat,
793 3102 929 3143 cum
977 3084 1228 3141 exercitu
1277 3082 1541 3156 pervenit
1577 3080 1899 3146 Miltiades,
1938 3087 2310 3161 oppugnauit
2351 3086 2580 3155 Parios,
2615 3088 2749 3143 intra

563 3182 800 3223 murum
830 3164 1202 3239 compulsos:
1227 3162 1537 3235 missoque
1566 3162 1625 3216 in
1650 3162 1857 3219 urbem
1888 3180 2159 3235 praecone
2176 3174 2420 3222 centum
2448 3166 2747 3241 postulavit

561 3244 808 3310 talenta,
837 3242 1052 3308 dicenS,
1081 3243 1186 3297 nisi
1217 3258 1282 3296 ea
1306 3240 1409 3295 sibi
1435 3242 1651 3303 darent,
1681 3258 1786 3295 non
1810 3258 1869 3297 se
1890 3242 2253 3299 abducturum
2282 3246 2745 3318 exercitum„un

559 3326 618 3378 vi
645 3326 868 3396 cepisset
892 3320 1094 3377 urbem.
1177 3320 1254 3375 At
1277 3318 1459 3384 Parii,
1486 3318 1561 3373 de
1598 3317 1792 3375 danda
1818 3320 2073 3377 Miltiadi
2116 3324 2365 3395 pecunia
2388 3325 2635 3381 minime
2658 3340 2745 3379 co·

559 3400 838 3477 gitanteS,
881 3398 1155 3456 omnibus
1203 3396 1394 3453 modis
1433 3412 1673 3470 operam
1714 3398 1936 3457 dabant
1977 3406 2041 3456 ut
2078 3402 2288 3457 urbem
2330 3400 2737 3459 defenderent:

561 3495 736 3555 quem
766 3478 825 3534 in
849 3476 1029 3534 finem
1061 3492 1242 3551 quum
1277 3475 1390 3531 alia
1413 3475 1859 3550 excogitabant,
1886 3486 2037 3543 tum,
2064 3487 2137 3535 ut
2160 3496 2411 3555 quaeque
2448 3498 2585 3554 pars
2604 3478 2743 3538 muri

557 3563 900 3634 expugnatu
937 3556 1165 3613 facilior
1201 3554 1527 3620 videbatur,
1555 3554 1641 3611 ita
1672 3566 1802 3612 eam
1844 3564 2023 3613 noctu
2052 3557 2233 3633 duplo
2261 3558 2557 3627 altiorem,
2582 3575 2741 3635 quam

561 3638 724 3719 prius
748 3642 891 3702 erat,
919 3634 1275 3693 excitabant.
1673 3660 1677 3667 ·
2419 3672 2429 3681 .

642 3720 774 3774 184.
817 3710 1121 3771 Hactenus
1159 3712 1396 3786 quidem
1421 3710 1615 3767 Graeci
1650 3728 1860 3769 omnes
1897 3713 1957 3769 in
1988 3718 2515 3777 commemoranda
2546 3718 2653 3775 hac
2686 3730 2737 3771 re

555 3794 976 3853 consentiunt:
1033 3792 1244 3849 deinde
1291 3806 1432 3845 vero
1478 3790 1563 3845 sic
1613 3799 1906 3863 peractam
1954 3797 2089 3849 retn‘
2122 3812 2249 3853 esse
2296 3797 2451 3853 Parii
2496 3802 2733 3853 narrant.

554 3872 838 3939 Miltiadi,
857 3871 932 3929 de
955 3870 1173 3944 incepti
1198 3868 1359 3925 exitu
1379 3868 1697 3935 dubitanti,
1720 3871 1781 3926 in
1810 3870 2173 3946 colloquium
2190 3876 2429 3932 venisse·
2444 3874 2743 3933 mulierem·

554 3954 873 4029 captivam,
903 3966 1116 4027 genere
1145 3948 1394 4011 Pariam,
1421 3947 1517 4002 cui
1540 3946 1715 4005 Timo
1745 3964 1965 4006 nomen
1996 3951 2214 4009 fuisse:
2258 3954 2447 4011 fuisse
2470 3970 2611 4011 vero
2634 3951 2741 4007 mi-·

549 4030 802 4093 nist-ram
843 4028 1053 4105 templi
1091 4026 1419 4083 Inferarum
1455 4024 1739 4083 Dearum.
1818 4026 2013 4096 Hanc,
2044 4040 2355 4109 postquam
2394 4034 2459 4089 in
2500 4046 2728 4103 conspe-

553 4119 718 4167 ctum
757 4108 1012 4165 venisset
1051 4101 1356 4171 Miltiadis,
1383 4104 1696 4162 consilium
1726 4104 1783 4163 ei
1822 4104 2073 4176 dedisse,
2098 4118 2184 4174 nt,
2214 4112 2265 4167 si
2300 4112 2509 4187 utique
2534 4106 2731 4182 “tn-gui

552 4188 773 4248 faceret
805 4202 1014 4264 capere
1039 4184 1280 4255 Parum,
1305 4190 1723 4260 exsequeretur
1740 4200 1877 4260 qun
1916 4185 2049 4263 ipsa
2082 4188 2173 4247 illi
2214 4198 2369 4248 esset
2405 4186 2725 4251 iudicatura.
