2925 4992
528 316 645 380 ³⁷2
801 276 810 295 ’
1058 310 1556 373 nsnoDon
1608 310 1966 372 meros.
2014 313 2182 371 vm.

527 479 571 505 “
598 486 715 547 que
732 472 1003 529 veniendi
1024 488 1143 546 quo
1172 481 1345 547 pacto
1372 474 1468 530 ille
1487 490 1625 529 cum
1649 470 1802 530 male
1821 473 1978 529 sanis
1993 472 2090 529 his
2113 470 2456 529 hominibus
2483 480 2726 547 pugnet,

527 558 571 584 “
598 552 701 625 qui
732 568 793 607 se
820 552 975 626 regis
1001 550 1197 625 coplas
1224 560 1602 625 superaturos
1631 568 1756 609 esse
1783 554 2215 625 speraverant.”

602 634 699 687 25.
746 632 889 687 Haec
928 640 1241 705 postquam
1280 628 1534 687 nuncius
1573 631 1774 696 edixit,
1801 646 1942 687 mox
1981 629 2138 685 nihil
2179 629 2362 685 rarius
2403 628 2524 685 fuit
2557 646 2744 702 quam.

524 708 803 783 navigla=
842 710 930 765 ita
962 708 1136 765 multi
1166 709 1363 781 cupidi
1386 716 1560 765 erant
1585 708 1902 781 spectandi.
1980 708 2062 764 Et
2093 707 2179 773 hi,
2207 707 2284 763 ad
2303 707 2732 782 Thermopylas

524 786 866 853 transvecti,
892 784 1163 843 obierunt
1183 795 1636 861 spectatumque
1671 788 1988 843 cadavera:
2029 793 2116 851 et,
2143 804 2328 859 quum
2355 784 2732 843 Laoedaemo-

523 866 644 921 niis
666 865 881 921 mixtos
908 865 1117 921 hilo-tas
1149 866 1427 931 viderent,
1458 866 1566 921 hos
1589 865 1818 931 onines,
1846 866 1946 937 qui
1973 864 2326 930 ceciderant,
2351 864 2748 922 Lacedaemo-1

526 944 656 999 nios
680 951 741 1003 et
766 944 1153 1017 Thespienses
1180 960 1303 999 esse
1330 944 1786 1001 arbitrabantur.
1846 944 1974 999 Nee
1999 960 2140 999 vero
2165 941 2342 999 latuit
2361 960 2466 999 eos
2493 942 2634 1015 quid
2657 943 2744 999 de·

522 1022 663 1087 suis,
692 1023 796 1094 qui
820 1023 1169 1088 ceciderant,
1196 1022 1421 1079 Xerxes
1456 1023 1725 1079 fecisset:
1773 1038 2026 1095 namque
2065 1021 2378 1077 manifeste
2417 1022 2744 1078 ridiculum·

524 1108 688 1167 erat3
732 1116 917 1173 quum
948 1102 1249 1157 Persarum
1277 1102 1511 1157 nonnisi
1551 1102 1714 1157 mille
1745 1096 2004 1170 jacentia
2027 1099 2737 1173 cadaveraconspicerem

521 1186 643 1243 tur,
680 1178 1027 1235 Graecorum
1072 1189 1269 1237 autem
1312 1180 1377 1235 in
1419 1194 1607 1235 unum
1656 1180 1852 1235 locum
1901 1176 2182 1254 congesta
2227 1186 2484 1253 quatuor
2525 1178 2732 1235 millia.

522 1256 711 1313 Hunc
750 1258 937 1333 igitur
966 1258 1121 1313 diem
1160 1258 1478 1331 spectando
1517 1259 1878 1313 insumsere:
1926 1256 2204 1331 postridie
2247 1274 2384 1311 vero
2423 1256 2728 1322 classiarii,

522 1331 629 1409 qui
672 1332 1034 1405 trajecerant,
1080 1336 1389 1393 Histiaeam
1432 1337 1504 1392 ad
1555 1354 1729 1391 naves
1769 1343 1908 1392 sunt
1955 1335 2208 1405 reversi3
2251 1334 2482 1391 Xerxes
2529 1342 2742 1393 autem-

522 1430 661 1470 cum
688 1415 809 1470 suis
836 1415 905 1469 ad
934 1414 1185 1470 ulterius
1212 1414 1708 1489 progrediendum
1737 1431 1802 1469 se
1825 1414 2095 1471 accinxit.

600 1494 699 1547 26.
738 1493 853 1548 Per
890 1492 1045 1548 idem
1090 1501 1321 1566 tempus
1361 1508 1577 1548 venere
1615 1492 1688 1547 ad
1738 1492 1940 1549 Persas
1987 1490 2310 1567 transfugae
2349 1508 2422 1547 ex
2466 1491 2728 1558 Arcadia,

521 1570 793 1627 homines
836 1588 1079 1627 numero
1122 1572 1331 1643 pauci,·
1356 1572 1580 1627 victum
1623 1582 1974 1643 quaerentes,
2017 1580 2078 1627 et
2115 1588 2356 1644 operam
2395 1586 2567 1627 suam
2613 1570 2732 1627 illis

521 1659 799 1723 praestare
826 1651 1145 1723 cupientes.
1230 1648 1362 1705 Hos
1388 1650 1455 1704 in·
1477 1657 1862 1722 conspectum
1903 1650 2056 1724 regis
2084 1649 2371 1705 adductos
2401 1649 2730 1724 interroga-

522 1736 663 1783 runt
691 1728 879 1784 l'ersae
910 1728 981 1783 de
1010 1726 1249 1793 GraeciS,
1280 1728 1557 1799 quidnam
1597 1727 1686 1783 illi
1725 1726 2018 1783 facerent:
2061 1737 2121 1783 et
2147 1745 2304 1783 unus
2331 1726 2573 1800 quidam
2609 1744 2734 1801 prae

522 1807 747 1862 caeteris
770 1814 917 1871 erat,
948 1807 1048 1879 qui
1078 1807 1189 1862 hoc
1214 1824 1287 1861 ex
1312 1806 1429 1862 illis
1456 1806 1740 1879 quaesivit.
1825 1804 2274 1880 Responderunt
2303 1806 2415 1871 illi,
2444 1811 2492 1837 “
2516 1806 2730 1879 Olym-

524 1890 570 1917 “
590 1886 689 1957 pia
730 1886 967 1941 Graecos
1008 1900 1201 1959 agere,
1234 1893 1608 1958 spectat-eque
1643 1892 1939 1941 certamen
1981 1885 2324 1960 gymnicum
2367 1891 2428 1941 et
2471 1884 2732 1941 curule.”

522 1958 687 2019 Tum
728 1980 929 2019 rursus
970 1963 1332 2037 interrogati,
1360 1969 1404 1995 “
1434 1962 1736 2035 quodnam
1779 1971 1937 2019 esset
1983 1964 2352 2053 propositum
2391 1962 2728 2037 praemium,

524 2046 571 2072 “
602 2040 673 2095 de
700 2058 815 2113 quo
852 2042 1271 2095 contenderent
1287 2043 1347 2096 ?”
1390 2040 1609 2106 dixe-ro,
1639 2040 1856 2097 “-oleoe
1881 2041 2006 2097 dan
2041 2044 2378 2098 coronam.''
2462 2040 2560 2097 Ibi
2599 2049 2729 2098 tum

520 2118 1023 2185 Tritantsechmes,
1051 2115 1477 2175 nobilissimam
1505 2118 1706 2175 dicens
1735 2120 2110 2186 sententiam,
2141 2119 2468 2181 timiditatis
2493 2118 2732 2193 culpam

522 2196 675 2271 apud
714 2214 912 2273 regem
952 2197 1215 2253 incurrit.
1294 2198 1385 2254 Ut
1420 2196 1583 2255 enim
1625 2198 1871 2265 audivit,
1899 2216 2172 2255 coronam
2219 2215 2344 2255 osse
2389 2198 2732 2256 certaminis

522 2277 921 2428 R‘ssffiffffi’ss
929 2276 2408 2429 {31315253311321{222‘2232135302ffi353‘13033
2425 2276 2732 2430 ἓξὲξ

778 2398 790 2420 9
1060 2395 1077 2420 2
1488 2392 1506 2421 9
2706 2388 2732 2399 “

525 2440 571 2466 “
604 2451 697 2488 ros
726 2430 963 2497 duxisti,
990 2433 1090 2506 qui
1131 2450 1253 2487 non
1278 2432 1351 2488 de
1390 2434 1671 2505 pecuniis,
1701 2434 1801 2489 sed
1827 2434 1902 2489 de
1941 2434 2180 2500 virtute,
2207 2433 2531 2490 certamina
2561 2431 2736 2491 insti-

524 2516 567 2543 “
596 2518 777 2567 tuunt
801 2512 859 2566 !''
906 2512 1039 2567 Hoc
1064 2506 1191 2581 ejus
1218 2511 1441 2567 dictum
1469 2519 1847 2569 memoratur.

602 2594 698 2652 2⁶7.
739 2588 973 2653 Interea
998 2589 1303 2662 temporis,
1332 2597 1465 2663 post
1504 2589 1794 2646 infelicem
1814 2606 2028 2647 ‚rerum
2055 2590 2128 2649 ad
2153 2589 2580 2665 Thermopylas
2605 2593 2733 2648 exi·-

522 2675 673 2734 tum,
703 2668 967 2740 protinus
992 2668 1256 2723 Thessali
1302 2686 1625 2741 praeconem
1667 2670 1950 2725 miserunt
1989 2670 2062 2725 ad
2093 2668 2422 2726 Phocenses
2449 2694 2466 2740 3
2510 2670 2736 2745 quippo

522 2746 739 2819 quibus
766 2762 997 2819 semper
1036 2745 1269 2801 fuerant
1308 2747 1552 2812 infensi,
1581 2747 1844 2803 maxime
1886 2764 2024 2804 vero
2051 2764 2087 2803 a
2109 2748 2274 2804 clade
2311 2749 2632 2804 novissime
2653 2750 2734 2805 ab

521 2825 641 2879 illis
668 2832 919 2897 accepta.
998 2821 1237 2881 Etenim
1262 2826 1461 2899 paucis
1489 2825 1664 2882 annis
1687 2834 1824 2882 ante
1863 2827 2016 2885 hanc
2051 2827 2487 2901 expeditionem
2513 2845 2554 2883 a
2577 2825 2734 2884 Bar*

522 2902 665 2960 baro
694 2895 1019 2977 susceptam
1046 2902 1311 2959 Thessali
1346 2920 1667 2976 eorumque
1707 2906 1872 2972 socii,
1900 2922 2084 2978 quum
2121 2906 2396 2962 omnibus
2423 2906 2610 2979 copiis
2637 2907 2734 2963 in-

521 2983 813 3038 vasissent
834 2982 1182 3046 Phocenses,
1208 2982 1349 3037 victi
1376 2981 1451 3037 ab
1493 2981 1608 3040 illis
1646 2992 1812 3039 erant
1841 2999 2160 3057 ‚aspereque
2200 2986 2440 3057 accepti.
2521 2986 2734 3046 Quum

516 3062 683 3117 enim
712 3061 865 3133 apud
898 3060 1244 3128 Phocenses,
1276 3061 1348 3117 ad
1375 3060 1727 3117 Parnassum
1761 3063 2100 3129 conclusos&
2121 3070 2282 3119 vates
2311 3070 2468 3119 esset
2507 3062 2733 3121 Tellias

519 3138 800 3206 Eliensis,
830 3138 1108 3196 callidum
1138 3140 1441 3196 inventum
1470 3139 1564 3195 hic
1588 3138 1806 3195 Tellias
1831 3140 1948 3197 illis
1973 3149 2346 3198 commentus
2369 3150 2496 3198 erat
2519 3137 2736 3212 hujus.

521 3218 702 3281 modi.
784 3218 1092 3273 Sescentis
1136 3218 1275 3293 viris
1318 3216 1703 3275 Phocensium
1747 3218 2104 3286 fortissimiS‚
2137 3228 2200 3275 et
2239 3216 2380 3294 ipsis
2419 3229 2480 3277 et
2517 3238 2736 3283 cocum

520 3297 724 3361 armis,
752 3304 913 3352 creta
948 3296 1251 3365 dealbatis,
1286 3306 1470 3352 noctu
1509 3298 1582 3351 de
1623 3296 1940 3369 improviso
1979 3294 2268 3371 impetum
2311 3300 2372 3355 in
2413 3300 2738 3357 'l‘hesstlos

521 3375 683 3441 fecit,
702 3374 981 3430 mandato
996 3375 1135 3430 dato
1151 3373 1291 3440 suist,
1310 3384 1397 3441 ut,
1416 3393 1795 3448 quemcumque
1812 3394 1918 3432 noa
1935 3376 2256 3432 albicantem
2271 3384 2567 3445 cernerent,
2585 3378 2740 3435 hunc

520 3454 893 3527 interficerent.
974 3452 1167 3529 Igitur
1208 3449 1412 3527 primas
1452 3454 1865 3511 Thessalorum
1907 3456 2204 3521 custodiae,
2242 3456 2335 3513 his
2375 3458 2734 3529 conspectis,-

508 3531 681 3596 ”aliud
726 3532 1123 3589 existimantes
1143 3584 1147 3591 ‚
1166 3548 1291 3587 esse
1338 3532 1692 3606 prodigium,
1733 3532 1940 3609 fugam
1987 3535 2442 3607 capessiverunt,
2483 3544 2546 3591 et
2591 3544 2738 3609 post

517 3610 815 3667 custodias
846 3612 965 3685 ipse
994 3611 1277 3667 exercitus
1302 3635 1319 3680 3
1364 3612 1448 3667 ita
1469 3619 1540 3667 ut
1561 3618 1810 3685 quatuor
1831 3612 2094 3673 millibus
2119 3626 2406 3669 caesorum
2433 3622 2494 3669 et
2515 3624 2734 3671 scuto-

516 3706 650 3745 rum
690 3690 1024 3764 potirentur
1051 3689 1391 3757 PhocenseS,
1420 3705 1671 3762 quorum
1699 3698 2000 3747 scutorum
2041 3691 2354 3747 dimidium
2383 3692 2540 3765 apud
2563 3692 2734 3749 'Abas

516 3767 882 3833 dedicarunt,
925 3769 1175 3842 reliquas
1212 3766 1500 3840 Delphis;
1545 3768 1750 3843 utique
1797 3786 1868 3824 ex
1915 3768 2146 3825 decima
2191 3770 2568 3841 pecuniarum
2611 3770 2734 3827 hoo

442 3852 447 3855 “
516 3847 719 3919 praelio
744 3855 1038 3919 partarum
1070 3846 1241 3901 factae
1265 3847 1383 3903 sint
1406 3848 1674 3921 ingentes
1701 3846 1818 3903 illae
1841 3855 2072 3915 statum,
2103 3863 2236 3921 quae
2265 3856 2404 3905 ante
2430 3843 2732 3922 tibplum

516 3922 875 3999 Delphicum
902 3926 1055 3987 cirea
1094 3925 1383 3997 tripodem
1422 3926 1630 3998 positae
1668 3934 1826 3991 sunt,
1855 3934 1916 3987 et
1952 3926 2088 3991 alias
2125 3926 2348 3989 similes
2377 3924 2521 3983 Abia
2559 3927 2728 3984 dedi-

524 4013 685 4061 catae.

596 4084 693 4137 28.
736 4080 869 4137 Hoc
908 4082 1089 4139 modo
1115 4082 1442 4138 Phocenses
1483 4082 1808 4155 peditatum
1847 4091 2194 4156 acceperant
2216 4083 2663 4150 Themlorum,
2689 4100 2730 4139 a

516 4158 731 4245 quibus
754 4160 993 4227 fuerant
1019 4162 1349 4237 oppugnati
1366 4182 1387 4222 -:
1416 4162 1746 4235 equitatum
1769 4178 1910 4217 vero
1935 4162 2298 4231 eorumdem,
2317 4160 2532 4223 terram
2557 4163 2728 4237 ipsae
