2925 4992
2153 812 2188 841 S

1241 852 2054 937 HERODOTI

830 1058 2444 1166 HISTORIARUMI

1140 1318 1502 1389 LIBER
1601 1316 2164 1385 OCTAVUS.

1332 1526 1969 1625 URANIA

1336 1742 1932 1838 -...,··......-.

561 2040 613 2093 1.
654 2013 961 2095 GRAECI
992 2035 1191 2111 populi
1219 2038 1277 2091 in
1302 2036 1524 2092 classem
1545 2035 1823 2107 descripti,
1849 2033 1914 2091 hi
1941 2032 2124 2093 fuere.
2177 2032 2564 2102 Athenienses
2589 2048 2774 2091 naves

556 2114 929 2189 praebuerant
973 2123 1217 2173 centum
1264 2113 1476 2188 viginti
1521 2120 1786 2187 septem:
1839 2113 2192 2171 Plataeenses
2238 2128 2404 2178 vero,
2449 2129 2641 2186 quum
2689 2113 2775 2167 rei

557 2192 811 2251 nauticae
844 2200 1037 2252 essent
1074 2198 1364 2266 expertes,
1391 2208 1500 2247 sua
1536 2193 1758 2249 virtute
1801 2191 2110 2265 studioque
2149 2190 2392 2256 incensi,
2423 2192 2608 2247 simul
2631 2207 2776 2247 cum

554 2272 1005 2332 Atheniensibus
1032 2288 1213 2329 naves
1238 2271 1461 2329 Atticas
1481 2271 2016 2345 propugnatoribus
2041 2269 2496 2343 compleverant.
2561 2269 2778 2325 Corin·

556 2350 669 2407 thii
691 2352 1085 2426 quadraginta
1116 2348 1492 2423 praebuerant
1529 2366 1744 2407 naves.
1789 2348 2188 2425 Megarenses»,
2215 2345 2446 2425 viginti.
2531 2347 2776 2405 Chalei-

558 2424 765 2487 den'ses
808 2431 951 2487 item
997 2428 1207 2505 viginti
1251 2429 1730 2503 compleverant3
1781 2428 1882 2485 sed
1932 2445 2108 2485 naves
2153 2427 2273 2485 illis
2319 2427 2780 2501 suppeditarunt

556 2508 967 2565 Athenienses.
1044 2508 1348 2581 AEginetae
1400 2506 1730 2563 octodecim
1784 2522 1960 2563 naves
2016 2496 2420 2580 praebuerant:
2489 2505 2777 2581 Sicyonii,

560 2586 908 2645 duodecim·
890 2624 909 2642 .
966 2584 1424 2652 Lacedaemonii,
1475 2585 1713 2643 decem.
1771 2584 2103 2659 Epidaurii,
2143 2593 2316 2641 octo:
2380 2583 2778 2651 Eretrienses,

559 2671 825 2739 septem:
881 2663 1197 2731 Troezenii,
1237 2664 1528 2737 quinque:
1591 2665 1942 2738 Stryrenses,
1991 2664 2176 2721 duas:
2223 2663 2351 2727 Cei,
2397 2661 2544 2719 duas
2596 2679 2780 2719 naves

568 2740 907 2817 (triremes,)
931 2750 991 2799 et
1017 2743 1159 2798 duas
1184 2743 1470 2799 actuarias
1489 2742 2282 2817 quinquaginta-remorumz
2311 2740 2492 2799 Locri
2517 2741 2780 2815 Opuntii

552 2828 785 2895 septem
811 2820 1083 2879 actuariis
1112 2817 1862 2896 quinquaginta-remorum
1886 2821 2106 2878 auxilio
2133 2828 2442 2878 venerant.

548 2972 555 2977 Ι
638 2903 696 2955 2.
740 2898 822 2956 Hi
856 2900 1039 2975 igitur
1066 2900 1251 2967 fuere,
1272 2901 1385 2974 qui
1408 2902 1484 2955 ad
1507 2899 1861 2959 Artemisium
1902 2900 2267 2958 militarunt:
2313 2898 2662 2975 dictumque
2689 2906 2782 2957 est

550 2978 763 3048 etiam,
806 2997 982 3053 quem
1031 2980 1267 3035 navium
1314 2996 1624 3035 numerum
1669 2976 1892 3053 singuli
1935 2979 2139 3053 populi
2181 2978 2560 3037 contulerint.
2638 2979 2782 3035 Fuit

554 3065 759 3133 ‚autem
780 3058 1157 3114 collectarum
1174 3057 1247 3113 ad
1262 3056 1638 3115 Artemisium
1661 3057 1900 3117 navium
1921 3058 2228 3121 universus
2247 3074 2552 3125 numerus,
2575 3066 2779 3115 actua-
2838 3096 2858 3113 .

556 3137 661 3205 riis
700 3137 1458 3212 quinquaginta—remorum
1500 3138 1780 3209 exceptis,
1812 3136 2080 3194 ducentae
2125 3136 2503 3211 septuaginta
2539 3145 2600 3193 et
2640 3154 2782 3193 una.

560 3214 985 3289 Imperatorem
1018 3222 1241 3282 autem,
1268 3232 1449 3287 penes
1487 3231 1664 3289 quem
1705 3216 1929 3289 imperii
1971 3232 2208 3273 summa
2230 3226 2375 3281 erat,
2402 3216 2784 3289 praebuerant

556 3291 845 3370 Spartani,
898 3291 1315 3367 Eurybiadem,
1365 3292 1698 3367 Euryclidae
1756 3294 1961 3351 filium.
2039 3294 2328 3351 Dixerant
2383 3294 2547 3350 enim
2611 3294 2778 3361 socii,

562 3379 603 3405 “
632 3373 749 3429 nisi
788 3372 953 3435 Laco
990 3388 1297 3429 summum
1334 3370 1628 3439 obtineret
1669 3374 2003 3447 imperium,
2039 3391 2158 3431 non
2196 3390 2260 3429 se
2301 3380 2612 3430 secuturos
2651 3390 2782 3431 esse

563 3457 606 3483 “
634 3452 1017 3509 Athenienses
1053 3450 1271 3544 duees5
1314 3449 1417 3507 sed
1458 3452 1805 3527 exercitum,
1836 3453 1938 3527 qui
1976 3452 2212 3523 futurus
2251 3459 2424 3520 esset,
2455 3452 2782 3511 dissolutus·

565 3532 612 3561 “
642 3532 792 3592 ros.”

639 3614 699 3667 3.
746 3608 984 3668 Etenim
1014 3604 1144 3680 jam
1183 3609 1379 3677 initio,
1408 3610 1749 3684 priusquam
1786 3609 1848 3667 in
1877 3609 2133 3669 Siciliam
2172 3611 2442 3685 petendae
2481 3610 2784 3669 societatis

558 3704 769 3759 caussa
792 3688 1115 3755 misissent,
1143 3689 1400 3765 agitatus
1427 3706 1622 3745 sermo
1648 3696 1792 3755 erat,
1822 3689 2283 3779 Atheniensibus
2317 3690 2784 3764 permittendum

562 3786 689 3825 esse
714 3767 958 3825 classis
942 3767 1275 3841 imperium.
1337 3766 1886 3825 contradicentibus
1910 3786 2050 3825 vero
2077 3765 2252 3826 sociis
2275 3778 2574 3825 cesserant
2600 3768 2784 3825 Athe-

559 3848 815 3914 nienses,
842 3845 999 3920 quod
1030 3846 1241 3921 magni
1275 3846 1536 3903 facerent
1563 3848 1780 3905 servari
1807 3846 2120 3916 Graeciam,
2148 3847 2464 3923 pulcreque
2506 3854 2783 3913 nossent,

560 3924 613 3982 si
640 3925 712 3982 de
748 3926 1087 4000 principatu
1115 3926 1270 3982 inter
1308 3942 1437 3983 sese
1475 3922 1918 3993 contenderent,
1948 3927 2269 4002 perituram
2293 3944 2421 3985 esse
2445 3926 2778 3984 Graeciam:

564 4010 721 4060 recte
746 4001 985 4078 quidem
1020 4002 1109 4061 illi
1144 4002 1482 4061 sentientes.
1557 4002 1720 4061 Nam
1757 4005 1948 4062 civilis
1975 4006 2255 4063 dissensio
2287 4012 2457 4063 tanto
2498 4001 2666 4080 pejor
2693 4010 2788 4061 est

562 4080 723 4139 bello
749 4083 1053 4141 communi
1079 4097 1368 4139 consensu
1408 4089 1599 4158 gesto,
1629 4091 1852 4156 quanto
1891 4080 2057 4173 pejor
2089 4102 2184 4144 res
2221 4091 2312 4142 est
2352 4084 2577 4141 bellum
2603 4100 2788 4159 quam

564 4177 695 4236 pax.
776 4160 953 4221 Hoc
937 4178 1139 4236 ipsum
1163 4160 1348 4238 igitur
1378 4161 1779 4238 intelligentes
1801 4160 2203 4234 Athenienses,
2231 4180 2352 4223 non
2377 4168 2789 4241 repugnarunt

2907 1789 2909 1883 Ι

2907 1884 2909 1917 1
