2925 4992
541 323 620 378 62
1102 313 1607 378 HERODOTI
1668 313 2033 376 Hls'rolz.
2096 312 2147 372 1.

534 476 698 536 aliud
741 471 1082 551 quidpiam:
1124 493 1232 532 nec
1271 473 1434 532 enim
1473 473 1591 532 illis
1630 487 1765 531 mos
1806 481 1897 532 est
1934 471 2221 542 ‚baculum
2262 471 2487 549 absque
2522 471 2749 554 imigni

538 563 789 633 gestare.
865 553 1029 612 Talis
1051 548 1237 630 igitur
1261 555 1378 610 illis
1401 561 1493 610 est
1516 553 1775 626 corporis
1799 552 2014 612 cultus.

622 639 754 692 196.
793 630 1071 694 Imtitutie
1111 650 1250 690 vero
1291 639 1542 690 utuntur
1588 625 1945 702 hujusmodi.
2024 628 2161 687 Uno
2200 630 2435 706 quidem
2488 631 2631 703 boc,
2676 640 2755 691 ut

539 729 678 770 mea
699 713 816 770 fert
839 710 1161 779 sententia,
1189 711 1681 783 prudentissimo,
1724 726 1841 782 quo
1881 707 2059 767 etiam
2102 707 2363 766 Venetos
2406 711 2515 778 uti,
2540 710 2748 784 Illyri·
2792 717 2801 725 ”

535 808 675 848 cum
708 789 1018 864 populum,
1047 789 1232 846 fando
1269 789 1486 864 accepi.
1564 788 1639 845 In
1680 786 1945 862 singulis
1991 787 2140 844 vicis
2182 787 2364 844 semel
2404 792 2751 864 quotannis,

533 869 664 926 haee
707 868 1015 926 faciebant.
1093 867 1391 941 Virgines,
1433 873 1725 941 quotquot
1777 866 1903 922 viro
1944 874 2193 922 maturae
2236 875 2451 934 essent,
2490 886 2749 944 congre-

535 954 710 1024 gatas
733 946 916 1004 simul
940 961 1172 1011 omnes,
1199 947 1262 1002 in
1293 963 1482 1002 unum
1522 945 1725 1008 locum
1761 943 2167 1000 deducebant:
2213 945 2295 1000 ibi
2337 963 2435 1002 eas
2481 947 2749 1006 virorum

534 1027 788 1084 circinus
833 1023 1259 1082 circumstabat.
1345 1025 1520 1080 Tunc
1558 1039 1751 1096 praeco
1790 1021 2057 1096 singulas
2097 1021 2395 1098 deinceps,
2448 1041 2751 1100 quamque

537 1103 866 1178 sigillatim,
903 1101 967 1157 in
1007 1101 1204 1160 medio
1237 1109 1509 1158 statuens
1542 1118 1758 1158 venum
1803 1101 2171 1173 exponebat3
2217 1101 2501 1176 incipieus
2548 1103 2627 1160 ab
2674 1123 2755 1162 ea.

537 1199 698 1256 quae.
723 1180 993 1238 omnium
1042 1181 1400 1253 pulcerrima
1447 1186 1635 1236 esset:
1680 1178 1910 1243 deinde,
1960 1179 2069 1234 hac
2110 1197 2329 1254 magno
2378 1181 2507 1237 auri
2551 1182 2773 1255 pretio,

534 1277 758 1318 venum
781 1260 943 1325 data,
969 1258 1146 1316 aliam
1166 1257 1586 1333 proclamabat,
1608 1273 1745 1330 quae
1765 1256 1907 1313 huic
1930 1257 2461 1332 venustateformae
2474 1261 2755 1334 proxima

537 1346 681 1396 erat.
760 1337 1181 1394 vendebantur
1219 1343 1417 1392 autem
1457 1336 1570 1392 bac
1612 1334 1970 1403 conditione,
1997 1344 2068 1392 ut
2093 1336 2477 1394 matrimonio
2518 1335 2751 1414 junge-

536 1423 763 1474 rentur.
843 1416 1038 1490 lgitur
1064 1433 1140 1472 ex
1161 1414 1511 1489 Babyloniis
1535 1413 1879 1488 nuptiarum
1926 1413 2153 1488 cupidis
2192 1412 2547 1490 quicumque
2574 1426 2755 1474 erant

535 1494 970 1569 locupletiores,
998 1492 1062 1550 hi
1083 1493 1362 1549 licitando
1395 1493 1645 1566 quisque
1682 1491 1935 1548 alterum
1958 1502 2303 1565 superantes
2329 1495 2607 1552 emebant
2632 1496 2765 1562 sibi,

537 1570 1032 1630 formosissimas:
1075 1571 1176 1645 qui
1218 1589 1358 1628 vero
1402 1572 1475 1626 de
1522 1570 1695 1643 plebe
1732 1577 1917 1634 erant,
1952 1569 2015 1628 hi
2056 1570 2267 1628 formae
2308 1573 2560 1646 speciem
2596 1575 2759 1632 nihil.

534 1659 838 1718 curantes,
892 1647 1200 1725 pecuniam
1246 1649 1611 1723 accipiebant
1660 1655 1721 1704 et
1772 1644 2029 1723 virgines
2080 1648 2479 1708 deformiores.
2584 1651 2755 1710 Nam

535 1747 750 1804 praeco,
771 1739 1080 1804 postquam
1107 1728 1661 1803 speciosissimarum
1682 1725 1985 1806 virginum
2006 1736 2308 1802 peregerat
2325 1729 2753 1802 venditionem,

540 1818 672 1865 tum
700 1825 840 1864 vero
866 1807 1360 1864 deformissimam
1384 1805 1703 1872 excitabat,
1728 1812 1833 1860 aut
1858 1805 1907 1862 si
1934 1823 2049 1880 qua
2070 1806 2309 1862 illarum
2337 1825 2545 1864 manca
2568 1819 2753 1876 esset,

540 1895 607 1944 et
623 1887 780 1942 hauc
824 1886 1222 1959 proclamabat
1259 1885 1392 1958 quis
1430 1884 1634 1950 vellet,
1662 1890 1902 1956 accepto
1928 1883 2177 1940 minimo
2214 1886 2343 1950 auri
2376 1887 2653 1959 pondere,
2682 1890 2750 1946 in

539 1962 987 2022 matrimonium
1029 1963 1238 2020 ducere
1256 1987 1274 2033 3
1319 1969 1402 2029 et,
1441 1963 1547 2034 qui
1596 1959 1846 2018 minimo
1896 1979 1961 2018 se
1991 1969 2337 2020 contentum
2384 1965 2515 2020 fore
2552 1965 2754 2022 decla-

539 2050 748 2108 rasset,
776 2042 831 2097 ei
874 2041 1000 2098 haec
1026 2040 1380 2098 tradebatur.
1456 2040 1685 2096 Aurum
1730 2048 1929 2096 autem
1970 2041 2386 2098 conficiebatur
2412 2061 2450 2098 a
2472 2043 2753 2102 formosi-

445 2145 450 2150 ·
540 2121 744 2178 oribus
789 2116 1154 2194 virginibus:
1217 2127 1392 2193 atque
1432 2119 1519 2174 ita
1564 2115 1945 2174 formosiores
1996 2119 2304 2177 elocabant
2349 2119 2645 2180 deformes
2690 2133 2755 2182 et

540 2215 800 2256 mancas..
879 2197 1125 2256 Nemini
1170 2205 1368 2255 autem
1407 2197 1641 2254 licitum
1680 2203 1827 2262 erat,
1852 2191 2037 2252 filiam
2080 2215 2247 2255 suam
2290 2198 2382 2254 cui
2413 2200 2539 2274 ipse
2573 2201 2767 2258 vellet

541 2278 608 2334 in
655 2276 1100 2334 matrimonium
1145 2277 1316 2332 dare:
1363 2292 1557 2354 neque¹
1600 2274 1821 2348 absque
1866 2270 2207 2344 fidejussore
2252 2275 2497 2352 domum
2526 2277 2756 2338 ducere

542 2355 838 2430 virginem
855 2363 1076 2412 emtam
1095 2353 1310 2412 licebat
1330 2379 1347 2424 3
1381 2355 1481 2410 sed
1500 2354 1637 2410 dato
1653 2351 1845 2427 praede
1862 2353 2147 2426 spondere
2163 2354 2407 2429 quisque
2425 2357 2759 2428 tenebatur,

541 2435 602 2492 in
627 2436 1034 2490 matrimonium
1055 2451 1110 2490 se
1129 2451 1249 2490 eam
1273 2435 1460 2505 utique
1478 2438 1845 2504 accepturum,
1882 2439 1941 2486 et
1960 2433 2043 2488 sic
2069 2431 2313 2490 demum
2330 2434 2617 2494 abducere
2652 2454 2751 2494 se-

542 2531 682 2572 cum
711 2509 960 2568 licebatz
1001 2511 1052 2568 si
1079 2512 1193 2569 sibi
1237 2520 1446 2568 mutuo
1474 2527 1593 2566 non
1625 2510 2062 2576 convenissent,
2090 2510 2224 2586 lege
2260 2522 2499 2572 cautum
2526 2521 2653 2573 erat
2680 2523 2757 2574 ut

539 2591 849 2666 pecuniam
879 2597 1177 2663 acceptam
1201 2586 1933 2663 sponsuslrepraesentaret.
1982 2587 2241 2648 Licitum
2255 2607 2397 2648 vero
2421 2593 2603 2650 >etiam
2624 2603 2759 2656 erat

543 2669 796 2735 homini,
823 2669 926 2742 qui
969 2685 1044 2724 ex
1086 2668 1202 2724 alio
1226 2668 1358 2724 vico
1399 2667 1703 2732 adfuisset,
1730 2665 1985 2739 aliquam
2010 2683 2085 2722 ex
2114 2668 2465 2744 virginibus,
2492 2672 2544 2728 si
2570 2689 2755 2745 quam

543 2746 743 2813 vellet,
769 2747 882 2802 sibi
929 2764 1139 2804 emere.
1217 2745 1354 2802 Hoc
1395 2745 1580 2821 igitur
1628 2743 2045 2818 pulcerrimum
2082 2745 2419 2804 institutum
2452 2752 2607 2823 apud
2650 2769 2761 2808 eos

546 2825 692 2882 olim
717 2824 968 2893 valebat.
1045 2826 1124 2884 At
1165 2842 1318 2880 nunc
1359 2824 1598 2897 quidem
1624 2840 1741 2880 non
1767 2823 2025 2896 amplius
2066 2831 2156 2880 est
2196 2825 2257 2883 in
2306 2844 2435 2884 usu.
2516 2825 2625 2884 Sed
2656 2847 2755 2886 re-

545 2919 684 2962 eens
723 2903 882 2958 aliud
921 2901 1200 2977 quiddam
1230 2902 1602 2967 invenerunt,
1631 2919 1703 2958 ne
1730 2897 1940 2973 injuria
1982 2901 2365 2960 adficerentur
2392 2905 2529 2962 filiae
2554 2915 2659 2964 aut
2687 2908 2757 2964 in

546 2977 726 3038 aliam
749 2982 1046 3038 civitatem
1073 2979 1499 3038 abducerentur
1522 3003 1534 3036 :
1580 2997 1651 3036 ex
1676 2998 1793 3054 quo
1820 2988 1989 3054 capta
2025 2980 2173 3037 urbe
2210 2982 2383 3050 malis
2422 2986 2611 3060 premi
2634 3003 2757 3042 coe-

545 3068 784 3134 perunt,
809 3077 1012 3134 resque
1039 3076 1243 3117 eorum
1287 3059 1529 3134 perditae
1560 3067 1723 3126 sunt,
1750 3057 1998 3133 quilibet
2023 3059 2203 3122 homo
2232 3058 2305 3116 de
2328 3061 2520 3134 plebe,
2552 3063 2763 3139 inopia

546 3139 737 3195 victus
765 3139 1057 3204 laborans,
1087 3137 1236 3192 filias
1261 3155 1396 3194 suas
1423 3137 1498 3192 ad
1524 3145 1809 3210 quaestum
1831 3154 2075 3210 corpore
2101 3136 2441 3196 faciendum
2464 3133 2672 3216 adigit.

630 3222 759 3280 197.
799 3217 954 3284 Alio,
983 3224 1114 3291 post
1142 3215 1320 3280 istud,
1349 3214 1629 3288 prudenti
1662 3215 1938 3271 instituto
1982 3222 2231 3282 utuntur
2256 3218 2451 3274 hocce.
2528 3219 2760 3296 AEgro-

546 3299 640 3350 tos
668 3295 732 3350 in
761 3293 960 3350 forum
985 3293 1290 3366 publicum
1316 3299 1663 3367 exportant3
1710 3293 1953 3350 medicis
1980 3295 2137 3350 enim
2178 3313 2296 3354 non
2335 3302 2627 3356 utuntur:
2672 3299 2760 3358 ibi

545 3371 834 3430 accedunt
858 3373 932 3428 ad
961 3371 1471 3446 aegrotum„eique
1517 3371 1590 3426 de
1632 3371 1887 3427 curando
1926 3373 2134 3430 morbo
2162 3375 2525 3450 consulunt„
2542 3376 2591 3432 si
2620 3379 2761 3451 quis'

545 3450 642 3506 vel
666 3449 873 3506 eodem
897 3451 1132 3516 morb0,
1159 3465 1276 3529 quo
1302 3449 1422 3518 ille,
1449 3448 1595 3506 olim
1617 3449 1928 3516 laboravit,
1954 3457 2057 3507 aut
2094 3450 2277 3526 alium
2299 3453 2447 3510 vidit
2472 3454 2759 3518 laboran-

547 3536 688 3586 tem.
767 3528 1066 3586 Adeuntes
1104 3527 1293 3602 igitur
1331 3527 1649 3585 consulunt
1675 3525 1813 3584 huic
1839 3546 1908 3584 ea
1930 3529 2319 3604 suadentque,
2344 3530 2557 3606 quibus
2583 3537 2757 3608 quis-

548 3624 664 3682 que
690 3607 960 3664 remediis
985 3605 1259 3662 adhibitis
1299 3606 1395 3663 vel
1439 3603 1566 3679 ipse
1610 3605 1887 3663 morbum
1927 3615 2208 3674 evaserat,
2246 3609 2571 3668 vel·alium
2607 3613 2763 3678 vidit
2785 3623 2803 3640 ²

548 3684 821 3742 evasisse.
901 3685 1144 3742 Silentio
1159 3701 1308 3742 ,vero
1335 3685 1627 3758 praeterire
1668 3693 1957 3758 aegrotum
2000 3686 2223 3744 nemini
2256 3685 2417 3756 licet,
2442 3689 2585 3764 quin
2612 3709 2759 3752 eum

539 3761 998 3838 interrogaverit
1025 3780 1282 3844 quonam
1311 3763 1519 3825 morbo
1546 3763 1792 3820 laboret.
1882 3811 1889 3818 .

633 3845 764 3899 198.
803 3842 1074 3900 Mortuos
1103 3841 1277 3898 melle
1305 3841 1581 3898 condunt.
1658 3839 1885 3898 Luctus
1931 3839 2234 3914 funebres,
2262 3843 2569 3920 AEgyptiis
2588 3849 2757 3908 simi-

547 3921 654 3978 les.
732 3921 980 3984 Quoties
1023 3938 1162 3980 cum
1209 3937 1392 3976 uxore
1433 3918 1755 3982 concubuit
1796 3920 1887 3974 vir
1918 3918 2297 3994 Babylonius,
2324 3924 2565 3982 incenso
2593 3927 2761 3988 thuri

551 3997 797 4067 adsidet,
825 4008 885 4057 et
910 4015 986 4056 ex
1015 3999 1134 4056 alia
1166 4006 1330 4072 parte
1369 3997 1526 4072 idem
1552 3993 1695 4056 facit
1721 3996 1965 4056 mulier:
2007 4007 2159 4068 tum,
2196 4001 2299 4059 ubi
2334 3999 2642 4076 illucescit,
2671 4009 2761 4072 laq

548 4085 767 4136 vantur
818 4077 1036 4149 amb03
1096 4077 1330 4134 nullum
1360 4077 1521 4133 enim
1547 4093 1649 4132 vas
1676 4082 1937 4157 tangunt
1962 4077 2301 4154 priusquam
2352 4097 2419 4140 se
2442 4083 2761 4155 abluerint,

550 4155 720 4234 Idem
745 4151 1080 4217 institutum
1103 4155 1322 4214 Arabes
1349 4161 1690 4231 sequuntur.
1720 4203 1737 4232 .-
