2925 4992
539 326 663 383 sss
1103 316 1607 397 nsaono'ri
1664 314 2030 395 ms-Toa.
2080 318 2216 379 vn.

617 483 734 537 211
747 520 760 537 .
795 478 1120 555 Postquam
1163 478 1250 537 ita
1291 479 1450 537 male
1492 479 1715 555 accepti
1748 486 1887 537 sunt
1916 476 2103 545 Medi,
2128 485 2263 537 tom
2302 477 2365 535 hi
2408 478 2647 555 quidem
2691 480 2755 537 in

543 567 736 617 castra
760 577 824 615 se
853 576 1120 635 recepere
1145 580 1162 615 z
1205 564 1268 615 et
1302 558 1495 615 Persae
1532 558 1619 615 eis
1662 556 2059 625 succedentes,
2088 574 2237 631 quos
2269 556 2615 617 'immortales
2656 577 2758 617 rex

537 638 901 715 adpellabat,
925 638 1140 712 quibus
1179 645 1426 711 praeerat
1441 636 1782 712 Hydarnes,
1809 636 1869 695 in
1903 636 2141 695 hostem
2178 636 2451 709 iverunt3
2496 637 2671 713 quasi
2698 638 2760 695 hi

535 718 746 792 utique
773 715 947 774 facile
971 716 1296 773 confecturi
1338 732 1462 773 rem
1512 723 1727 773 essent.
1812 716 1895 773 Ut
1936 732 2077 771 vero
2119 715 2182 773 hi
2228 732 2463 791 quoque
2490 734 2759 793 pugnam

539 815 682 854 cum
707 796 930 853 Graecis
973 810 1337 859 conseruere,
1365 794 1555 853 nihilo
1580 793 1861 869 amplius,
1888 804 2067 867 quam
2090 794 2279 861 Medi,
2308 805 2762 869 promoverunt,

537 874 638 933 sed
666 874 932 933 eamdem
959 874 1214 931 habuere
1241 883 1505 943 sortem3
1544 872 1765 947 quippe
1790 872 1853 929 in
1884 880 2141 947 angusto
2174 874 2431 931 transitu
2468 892 2762 949 pugnan-

539 963 650 1021 tes,
676 952 784 1011 ubi
807 952 1088 1027 explicari
1127 952 1450 1012 multitudo
1488 970 1607 1011 non
1648 959 1899 1025 poterat,
1924 959 1987 1009 et
2013 950 2190 1009 hastis
2212 960 2447 1011 utentes
2474 952 2763 1011 breviori-

535 1032 650 1091 bus
701 1050 882 1106 quam
931 1030 1146 1089 Graeci.
1257 1030 1697 1089 Lacedaemonii
1755 1047 1897 1087 vero
1944 1030 2388 1089 memorabilem
2443 1032 2765 1089 ediderunt

537 1129 831 1189 pugnam,
855 1127 1040 1183 quum
1069 1110 1200 1167 aliis
1227 1108 1396 1168 rebus
1431 1109 1809 1167 ostendentes
1850 1108 2067 1183 peritos
2114 1127 2242 1167 sese
2287 1127 2429 1169 cum
2470 1111 2764 1185 imperitis

537 1190 844 1265 congredi,
875 1198 1010 1249 tum
1033 1188 1192 1265 quod
1233 1188 1481 1247 subinde
1520 1195 1691 1263 terga
1733 1196 2043 1254 verterent,
2071 1188 2257 1247 veluti
2299 1188 2537 1265 fugam·
2561 1208 2764 1263 capes-

535 1278 732 1327 sentes
779 1268 1056 1333 universi,
1084 1267 1296 1325 deinde
1333 1284 1493 1332 vero,
1519 1266 1757 1340 quando
1803 1265 2177 1343 fugientibus
2226 1266 2413 1325 Persae
2452 1286 2601 1325 cum
2647 1270 2762 1327 cla-

535 1366 702 1407 more
731 1348 1096 1423 strepituque
1117 1346 1438 1411 instabant,
1471 1346 1698 1421 ipsique
1718 1342 1847 1416 jam
1872 1346 1939 1402 in
1966 1363 2038 1403 eo
2064 1353 2235 1403 erant
2259 1354 2327 1403 ut
2352 1346 2760 1421 deprehende-

537 1434 762 1492 rentur,
791 1427 990 1485 subito
1019 1443 1304 1483 conversa
1337 1426 1461 1481 acie
1494 1424 1650 1481 hosti
1672 1442 1799 1481 sese
1844 1433 2233 1499 opponerent,
2256 1434 2440 1501 atque
2462 1426 2566 1483 ita
2580 1426 2763 1485 innu-

531 1506 880 1565 merabilem
906 1505 1216 1563 Persarum
1241 1510 1677 1579 prosternerent
1711 1503 2175 1563 multitudinem.
2256 1504 2631 1564 Ceciderunt
2658 1525 2759 1563 au-

531 1592 657 1643 tem
679 1584 762 1641 ibi
783 1582 1380 1644 Lacedaemoniorum
1405 1584 1587 1641 etiam
1610 1580 1893 1641 nonnulli.
1958 1582 2277 1657 Postquam
2299 1600 2460 1651 vei-0,
2484 1585 2767 1657 quamvis

531 1681 756 1739 magno
800 1672 1038 1729 conatu,
1075 1670 1136 1719 et
1179 1662 1485 1720 turmatim
1529 1668 1590 1717 et
1628 1660 1839 1737 quovis
1888 1660 2071 1719 modo
2117 1663 2405 1737 impetum
2453 1662 2762 1730 facientes,

533 1744 704 1801 nulla
744 1750 910 1816 parte
949 1743 1228 1799 introitus
1266 1740 1443 1816 potiri
1484 1740 1677 1797 Persae
1719 1748 2063 1851 potuerunt,
2092 1749 2393 1815 postremo
2430 1742 2497 1799 hi
2524 1760 2767 1818 quoque

535 1822 884 1897 retrogressi
905 1828 1064 1879 sunt.

613 1904 750 1957 212.
789 1900 954 1957 Dum
1007 1900 1090 1957 ita
1138 1893 1653 1967 conflictabantur,
1702 1896 1888 1955 fertur
1926 1896 2179 1965 Xerxes,
2226 1916 2413 1975 quum
2456 1890 2767 1975 spectandi

531 1996 742 2037 caussa
762 1978 916 2035 haud
934 1978 1150 2070 ‘procul
1173 1978 1421 2044 abesset,
1447 1985 1538 2035 ter
1556 1976 1629 2033 de
1650 1977 1801 2034 solio
1822 1994 1931 2033 suo
1950 1978 2223 2043 exsiliise,
2244 1984 2521 2037 metuens
2546 1998 2765 2068 nempe

533 2074 642 2115 suo
671 2056 970 2115 exercitui.
1049 2056 1222 2113 Tunc
1247 2054 1428 2131 igitur
1453 2056 1539 2113 ita
1560 2064 1903 2131 pugnatum
1928 2062 2035 2113 est.
2114 2056 2405 2115 Postridie
2442 2075 2597 2115 vero
2640 2054 2767 2129 cjtls

531 2136 650 2195 diei
673 2135 864 2193 nihilo
888 2134 1120 2193 felicius
1143 2133 1375 2192 barbari
1400 2142 1845 2211 pugnaverunt.
1913 2136 2119 2197 Quum
2144 2132 2303 2194 enim
2326 2137 2583 2211 exiguus
2610 2146 2765 2197 esset

533 2216 878 2273 Graecorum
923 2230 1228 2282 numerus,
1259 2211 1370 2269 rati
1394 2212 1643 2271 Barbari
1682 2214 1987 2271 confectos
2026 2232 2153 2271 esse
2195 2214 2327 2289 illos
2377 2216 2763 2285 vulneribus,

529 2312 726 2368 neque
749 2294 902 2351 vires
941 2293 1196 2366 amplius
1239 2292 1314 2349 ad
1349 2292 1741 2349 resistendum
1790 2292 2117 2362 habituros,
2142 2293 2341 2351 denuo
2365 2312 2465 2351 eos
2496 2296 2765 2371 adgressi

527 2382 692 2433 sunt.
772 2364 850 2431 At
897 2371 1112 2439 Graeci,
1167 2389 1272 2445 per
1313 2370 1551 2429 ordines
1602 2390 1819 2447 perque
1862 2372 2111 2447 populos
2166 2372 2403 2449 digesti,
2445 2374 2513 2429 in
2566 2376 2763 2433 vicem

529 2452 727 2511 cuncti
774 2458 1144 2527 pugnarunt,
1175 2450 1577 2509 Phocensihus
1618 2450 1913 2527 exceptis.
1960 2450 2019 2507 hi
2046 2451 2205 2509 enim
2248 2452 2312 2509 in
2354 2460 2569 2513 monte
2596 2462 2763 2515 erant

525 2530 730 2598 locati,
755 2532 1030 2587 semitam
1073 2529 1440 2587 custodituri.
1524 2528 1644 2587 Ubi
1674 2547 1810 2587 vero
1840 2528 2027 2587 nihilo
2055 2530 2286 2599 melium,
2314 2548 2499 2605 quam
2546 2532 2767 2607 pridie,

527 2608 722 2667 Persae
750 2626 872 2667 rem
901 2609 1017 2665 sibi
1044 2607 1322 2665 viderunt
1347 2608 1685 2675 succedere,
1710 2609 2141 2669 abscesserunt.

608 2692 744 2745 218.
789 2687 880 2743 lbi
909 2696 1052 2744 tunc
1079 2704 1305 2761 regem,
1334 2686 1615 2759 quidnam
1647 2688 1872 2744 consilii
1916 2697 2147 2761 caperet
2191 2689 2505 2757 incertum,
2532 2708 2757 2749 conve-

527 2766 620 2825 nit
645 2766 976 2841 Ephialtes,
1005 2762 1326 2839 Eurydenii
1363 2764 1543 2831 filius,
1566 2764 1897 2835 Maliensis‚
1930 2767 2141 2842 ingens
2180 2767 2255 2824 ab
2298 2767 2401 2825 illo
2438 2772 2761 2843 praemium

523 2862 592 2905 se
617 2844 941 2903 relaturum
969 2862 1230 2919 sperans,
1245 2844 1659 2919 'indicavitque
1709 2846 1763 2903 ei
1808 2848 2055 2903 semitam
2090 2863 2194 2919 per
2234 2853 2437 2904 montes
2471 2850 2553 2905 ad
2588 2849 2761 2907 Ther-

521 2924 1100 3000 mopylosferentem‚
1143 2934 1320 2999 atque
1361 2924 1446 2979 ita
1485 2924 1723 2981 Graecos
1763 2922 2034 2999 perdidit,
2060 2925 2378 2983 stationem
2404 2926 2493 2983 ibi
2522 2926 2757 2985 haben-

525 3012 634 3062 tes.
711 3004 878 3061 Idem
901 3010 1124 3078 postea,
1147 3011 1312 3061 metu
1329 3001 1936 3069 Lacedaemoniorum,
1965 3002 2025 3060 in
2048 3004 2415 3063 Thessaliam
2440 3005 2757 3084 profugit.

523 3083 968 3158 exsulantisque
991 3088 1169 3155 caput
1197 3082 1501 3155 proposita
1542 3083 1789 3155 pecunia
1816 3084 2213 3157 proscriptum
2238 3094 2327 3141 est
2354 3102 2392 3139 a
2422 3084 2757 3161 Pylagoris,

525 3180 714 3239 quum
742 3162 1198 3248 Amphictyones
1243 3160 1318 3217 ad
1359 3160 1652 3235 agendum
1682 3161 1946 3237 Pylaeum
1970 3170 2333 3221 conventum
2371 3173 2570 3221 essent
2614 3183 2760 3223 con·

637 3235 1186 3319 gati.1nterjecto
1233 3257 1372 3295 vero
1419 3247 1706 3315 tempore,
1753 3258 1941 3315 quum
1966 3240 2301 3315 Anticyram
2350 3242 2645 3313 rediisset,
2683 3245 2759 3301 ab

521 3320 828 3381 Athenade
866 3318 1184 3377 Trachinio
1225 3318 1456 3375 occisus
1500 3326 1609 3375 est.
1688 3317 1769 3375 Et
1803 3319 2105 3377 interfecit
2150 3320 2391 3395 quidem
2430 3321 2761 3396 Ephialten

522 3398 858 3471 Athenades
884 3398 1062 3455 aliam
1087 3394 1166 3453 ob
1193 3414 1487 3464 caussam,
1514 3414 1691 3473 quam
1738 3399 1803 3455 in
1846 3397 2219 3473 sequentibus
2260 3398 2527 3458 historiis
2570 3420 2756 3477 expo·

527 3496 712 3539 nam:
757 3486 819 3535 at
847 3477 1030 3535 nihilo
1057 3470 1264 3535 minus
1284 3484 1484 3533 tamen
1510 3476 1755 3569 praemio
1790 3477 2115 3537 honoratus
2164 3486 2254 3537 est
2296 3497 2333 3535 a
2375 3478 2758 3541 Lacedaemo-

525 3558 656 3625 niis,
735 3556 834 3615 Ita
861 3556 1048 3631 igitur
1069 3552 1374 3629 Ephialtes
1401 3564 1609 3630 postea
1634 3556 1825 3630 periit.

601 3636 740 3695 214.
785 3636 990 3695 Fertur
1013 3641 1214 3691 autem
1263 3634 1442 3691 etiam
1484 3636 1599 3693 alia
1640 3634 1826 3701 fama,
1852 3635 2113 3693 Onetam
2142 3635 2515 3712 Phanagorus
2538 3638 2755 3706 filium,

523 3716 884 3792 Carystium,
911 3723 972 3773 et
999 3713 1380 3787 Corydallum
1405 3713 1853 3788 Anticyrensem
1902 3733 2041 3773 eum
2086 3732 2227 3791 rege
2276 3733 2583 3775 sermones
2606 3718 2749 3775 illos

522 3796 820 3862 habuisse,
848 3801 910 3851 et
946 3793 1150 3851 Persas
1197 3793 1418 3849 circum
1459 3801 1726 3851 montem
1773 3794 1945 3851 illum
1986 3794 2471 3853 circumduxisse.
2546 3796 2757 3857 Quam

521 3874 748 3935 famam
770 3891 982 3949 parum
1003 3888 1128 3929 esse
1141 3870 1480 3928 credibilem
1508 3872 1725 3946 partim
1749 3872 1887 3929 inde
1908 3872 2115 3949 colligi
2142 3880 2357 3947 potest,
2386 3874 2549 3949 quod
2574 3874 2749 3933 Grae-

521 3972 730 4012 corum
757 3950 1056 4027 Pylagori,
1085 3967 1234 4025 quos
1277 3950 1489 4023 utique
1526 3968 1649 4025 prae
1682 3952 1905 4009 caeteris
1948 3960 2315 4027 compertam
2346 3951 2621 4013 habuisse
2662 3955 2755 4011 rei

522 4033 834 4091 veritatem
859 4037 1314 4090 consentaneum
1341 4038 1450 4095 est,
1478 4046 1598 4089 non
1630 4030 1843 4089 Onetae
1866 4039 1929 4089 et
1956 4031 2257 4107 Corydalli
2282 4040 2463 4106 eaput
2496 4033 2755 4125 proscri-

525 4120 788 4187 pserunt,
831 4110 932 4167 sed
973 4106 1268 4183 Ephialtae
1306 4108 1649 4179 Trachinii,
1709 4116 1861 4179 tum,
1904 4108 2065 4184 quod
2104 4109 2425 4184 Ephialten
2466 4110 2753 4171 novimus

524 4191 603 4249 ob
631 4190 787 4249 hanc
827 4188 1064 4264 culpam
1103 4187 1413 4247 exsulasse.
1496 4188 1795 4247 Caeterum
1832 4189 2078 4267 cognita
2116 4190 2359 4265 quidem
2384 4190 2513 4251 hec
2532 4186 2759 4251 semita
