2925 4992
419 291 423 296 ’
525 332 612 388 42
1115 319 1617 382 HERoDo'rl
1682 315 2050 380 ffls‘rou.
2096 317 2147 376 1.

520 493 574 524 ·“
595 484 830 542 labores
869 483 1152 540 hesternis
1189 481 1410 538 similes
1449 477 1761 538 innumeri.
1840 477 2021 536 Nunc
2046 492 2213 551 ergO,
2252 477 2405 534 mihi
2436 476 2599 534 dieto
2626 491 2752 532 mr·

533 572 578 600 “
607 564 855 629 dientes,
881 570 1070 620 estote
1092 560 1300 616 liberi!
1347 559 1507 616 Nam
1532 567 1594 616 et
1618 575 1733 632 ego
1752 557 1959 614 divina
1983 564 2139 613 sorte
2154 555 2227 612 ad
2254 556 2367 612 hoc
2392 564 2565 612 natus
2590 551 2757 612 mihi

531 650 573 678 “
603 642 826 708 videor,
855 649 923 698 ut
961 641 1088 696 haec
1115 638 1270 696 bona
1297 638 1358 694 in
1383 654 1597 694 manus
1638 646 1879 692 nostras-
1908 651 2259 710 conger-arm
2302 642 2363 690 et
2404 652 2518 692 vas
2530 628 2753 705 judico

531 728 576 756 “
602 722 760 777 viros
797 737 926 776 esse
963 717 1156 774 Medis
1194 733 1318 774 non
1354 716 1689 781 inferiores,
1710 731 1897 788 quum
1934 713 2062 770 aliis
2102 712 2299 779 rebus,
2326 719 2457 770 tum
2498 705 2757 770 militari

531 806 578 836 “
599 799 790 856 laude.
871 797 1022 858 Quae
1035 813 1222 870 quum
1239 796 1322 850 ita
1339 795 1481 860 sint,
1500 794 1800 852 desciscite
1826 809 2009 866 quam
2022 788 2281 865 primum
2306 791 2385 848 ab
2408 793 2672 865 Astyage
2690 789 2755 844 !”

614 882 745 940 127.
786 875 982 950 Igitur
1019 875 1450 946 Persae,quum
1481 873 1611 943 jam
1652 871 1877 944 pridem
1918 888 2075 944 aegre
2116 871 2387 926 tulissent
2423 869 2756 928 Medorum
2828 933 2835 938 ,

529 956 870 1030 imperium,
898 953 1110 1010 ducem
1153 969 1311 1008 nunc
1350 958 1777 1025 patronumque
1818 949 1997 1015 nacti,
2023 946 2277 1004 libenter
2302 949 2364 1004 in
2405 948 2755 1004 libertatem

533 1051 598 1096 se
638 1032 1045 1090 vindicabant.
1123 1032 1408 1105 Astyages
1436 1047 1600 1095 vero,
1644 1037 1709 1086 ut
1750 1023 2045 1084 intellexit
2081 1026 2279 1082 moliri
2322 1027 2449 1083 haec
2492 1027 2753 1100 Cyrum,

531 1113 716 1171 misso
755 1112 998 1178 nunciO,
1025 1127 1162 1166 eum
1201 1109 1276 1166 ad
1303 1125 1366 1164 se
1407 1108 1659 1164 vocavit.
1739 1105 1847 1164 Cui
1877 1106 2221 1164 renunciare
2260 1103 2545 1162 nuncium
2563 1103 2759 1174 jussit

535 1193 744 1265 Cyrus,
794 1193 950 1263 prius
993 1207 1048 1244 se
1089 1189 1471 1254 adunaturum,
1524 1203 1689 1258 quam
1736 1192 1957 1257 gratum
1986 1183 2253 1258 futurum
2304 1192 2439 1240 esset
2492 1184 2759 1256 Astyagi-

536 1269 904 1332 Quo-audito
935 1268 1222 1340 Astyages
1259 1265 1473 1322 Medos
1512 1264 1767 1320 armavit
1792 1272 2053 1329 cunctos,
2082 1262 2409 1336 ducemque
2438 1261 2555 1328 eis,
2584 1262 2761 1318 velut

535 1348 818 1408 divinitus
871 1354 1074 1404 mente
1108 1344 1428 1418 perculsus,
1485 1343 1747 1416 praefecit
1789 1342 2163 1416 Han-pagum,
2194 1339 2413 1398 oblitus
2454 1358 2589 1413 quae
2640 1339 2757 1396 ad·-

537 1443 742 1484 versus
781 1424 960 1484 ulum
982 1429 1329 1498 patraverat.
1407 1421 1597 1488 Medi,
1623 1423 1691 1476 in.
1734 1421 1963 1478 bellam.
1994 1420 2267 1492 profecti,
2296 1420 2407 1477 ubi
2442 1419 2639 1478 Peneis
2674 1418 2761 1474 ad

537 1519 750 1566 manus
793 1511 1106 1567 venenant,
1136 1518 1268 1574 pars
1319 1518 1549 1567 eor-tim,
1574 1501 1931 1574 quicumque
1982 1499 2219 1556 consilii
2264 1517 2391 1556 non
2416 1505 2589 1554 erant
2610 1515 2757 1570 par-

539 1584 766 1656 ticipes,
793 1599 1063 1656 pugnam.
1085 1581 1352 1649 inibant3
1399 1579 1501 1635 alii
1528 1597 1665 1638 vero
1692 1579 1765 1634 ad
1792 1578 2103 1637 Persarum
2129 1575 2485 1636 transierunt
2510 1583 2711 1650 partes
2731 1599 2762 1654 ἰ

537 1661 640 1718 sed
668 1662 928 1735 plerique
957 1661 1112 1716 'ultro
1141 1665 1430 1716 cessantes
1457 1676 1493 1714 a
1514 1675 1739 1734 pugna,
1765 1657 1975 1732 fugam
2000 1656 2394 1730 capessebant.

559 1782 564 1788 .
623 1745 756 1799 128.
799 1740 894 1796 lta
929 1739 1178 1812 turpiter
1212 1736 1499 1796 dissoluto
1538 1736 1853 1794 Medorum
1890 1737 2169 1802 exercitu,
2200 1743 2273 1790 ut
2306 1753 2430 1792 mm
2468 1733 2765 1808 cognovit

539 1819 850 1893 Astyages,
879 1818 1158 1880 minitans
1191 1818 1368 1889 Cym,
1396 1817 1514 1872 ait:
1563 1822 1604 1848 “
1632 1815 1712 1872 At
1730 1832 1803 1872 ne
1829 1815 1915 1870 sic
1936 1814 2177 1887 quidem
2200 1814 2481 1892 gaudebit
2508 1813 2759 1885 Cyrus.”

501 1939 516 1950 .
541 1897 658 1956 His
685 1897 878 1962 dictis,
901 1896 1160 1969 primum
1183 1894 1775 1968 magos-somniorum
1804 1890 2175 1966 interpretes,
2198 1894 2301 1966 qui
2326 1894 2379 1949 ei
2420 1900 2489 1948 ut
2530 1893 2763 1965 Cyrum

540 1976 862 2040 dimitteret
905 1984 1333 2046 persuaserant,
1377 1989 1414 2028 e
1450 1973 1601 2046 palis
1634 1971 1975 2046 suspendit:
2040 1971 2249 2028 deinde
2288 1972 2519 2038 Medos,
2548 1970 2655 2043 qui
2694 1971 2777 2028 in.

540 2054 686 2111 urbe
734 2053 920 2110 relicti
975 2059 1162 2118 erant,
1187 2052 1462 2117 armavit,
1500 2046 1755 2120 jnivenes
1808 2050 2315 2124 provectior-esque
2358 2057 2529 2108 aetate
2579 2049 2763 2106 viros.

541 2129 788 2196 Quibus
803 2131 1049 2196 eductis,
1066 2131 1268 2203 praelio
1293 2130 1641 2186 cumPersis
1657 2129 2035 2194 inito,.victus
2060 2136 2152 2198 est
2168 2145 2195 2183 ·.
2228 2137 2289 2186 et
2306 2129 2771 2204 ipseAstyages,

541 2211 772 2269 amissis
801 2227 948 2284 quos
971 2209 1250 2264 eduxerat
1273 2205 1489 2274 Medis,
1517 2205 1689 2268 vivus
1716 2209 1778 2264 in
1805 2207 2075 2264 hostium.
2095 2208 2261 2268 venit
2284 2216 2659 2280 potestatem.
2734 2245 2741 2252 ·

627 2293 758 2348 129„
798 2289 849 2346 T
851 2306 956 2346 um
999 2288 1234 2362 captivo
1273 2286 1521 2361 Astyagi
1560 2287 1799 2344 adstans
1848 2285 2189 2361 Harpagus,
2232 2285 2441 2343 laetitia
2482 2286 2560 2342 ob
2596 2281 2764 2342 illius

541 2386 742 2426 casum
789 2369 1068 2442 gestiens,
1111 2365 1454 2435 insultavit3
1512 2377 1573 2420 et
1609 2382 1791 2438 qmun
1834 2365 1951 2424 alia
1988 2365 2051 2420 in
2092 2381 2229 2422 eum
2268 2365 2482 2424 acesba
2514 2365 2779 2422 dicteria,

541 2442 818 2518 conjecit,
847 2454 983 2502 tum-
1005 2447 1074 2506 in
1110 2445 1460 2500 memoriam
1498 2461 1774 2502 revocans
1802 2461 2035 2500 eoenam
2072 2461 2230 2510 eam,
2256 2461 2375 2517 qua
2412 2444 2517 2500 filii
2554 2461 2763 2500 carnes

541 2524 934 2586 ,comedendas
959 2524 1044 2578 iffi
1061 2525 1348 2597 Astyages
1365 2531 1769 2596 proposuerat,
1785 2522 2079 2595 quaesivi-t,
2110 2528 2151 2562 κ
2176 2523 2385 2596 ecquid
2410 2521 2667 2596 placeret
2702 2523 2763 2578 ei

545 2611 588 2636 “
615 2605 886 2668 servitus,
911 2603 1016 2675 qui
1038 2602 1216 2658 modo
1247 2619 1350 2658 rex
1371 2603 1579 2660 fuisset
1598 2604 1655 2658 ?³’
1684 2602 1883 2662 Quem
1907 2600 2232 2673 adspiciens
2252 2604 2567 2677 Astyages,
2577 2601 2761 2658 vicis-

543 2683 658 2738 sim
699 2682 1108 2754 interrogavit,
1139 2699 1212 2734 an
1249 2698 1408 2736 suum
1429 2679 1653 2754 faceret
1686 2681 1818 2753 Cyri
1823 2678 2047 2754 suctum
2065 2679 2096 2733 P
2120 2679 2201 2736 Et
2232 2679 2571 2755 Har-pagus,
2598 2698 2765 2736 suum

543 2763 740 2816 memo
765 2763 984 2823 censeri,
1013 2760 1116 2824 ait,
1128 2757 1354 2831 sactum
1372 2783 1392 2825 3
1425 2777 1483 2814 se
1508 2761 1649 2815 enim
1688 2761 1865 2831 ipsum
1887 2760 1955 2815 de
1980 2777 2043 2814 eo
2066 2761 2405 2832 suscipiendo
2446 2761 2521 2814 ad
2552 2758 2763 2832 Cyrum

545 2840 832 2910 scripsisse.
911 2837 1066 2894 Tum
1114 2838 1422 2912 AstyageS,
1475 2837 1807 2912 longiorem
1866 2855 2109 2906 exorsus
2158 2855 2515 2903 sermonem,
2560 2837 2761 2897 decla·-

547 2918 724 2981 ravit,
785 2922 827 2948 “
857 2914 1288 2990 ineptissimum
1345 2916 1514 2972 illum
1564 2934 1690 2974 esse
1748 2917 2059 2973 bominum
2110 2917 2407 2984 omnium,
2462 2916 2762 2991 simulque

551 3003 596 3034 es
626 2995 1100 3070 iniquissimum:
1151 2995 1583 3068 ineptissimum
1622 2995 1885 3069 quidem,
1928 2995 2053 3068 qui,
2094 2997 2445 3070 quum-ipse
2472 2995 2767 3068 potuisset

550 3081 592 3110 ‘5
621 3093 726 3130 rex
755 3067 1034 3140 evadere,
1063 3074 1112 3132 si
1159 3075 1396 3146 quidem
1437 3074 1529 3130 hae
1575 3092 1665 3130 res
1705 3091 1809 3146 per
1846 3074 2039 3146 ipsum
2062 3081 2247 3148 gestae
2271 3075 2415 3142 sint,
2442 3073 2516 3130 ad
2570 3074 2763 3130 alium

537 3161 593 3197 -“
623 3153 902 3210 detulerit
950 3152 1299 3225 imperium:
1373 3153 1811 3225 iniquissimum
1858 3169 2025 3222 veno,
2066 3153 2225 3225 quod
2260 3161 2499 3228 propter
2524 3169 2768 3210 coenam

550 3233 798 3288 “istam
847 3230 1058 3286 Medos
1109 3231 1171 3286 in
1229 3228 1575 3288 servitutem
1626 3226 1989 3300 conjecisset.
2065 3231 2241 3294 Quod
2292 3232 2354 3288 si.
2396 3232 2559 3288 enim
2608 3247 2765 3305 opus

552 3316 595 3341 “
625 3309 832 3366 fuisset
885 3309 944 3364 in
1001 3309 1184 3366 alium
1231 3309 1575 3382 quempiam
1622 3308 1937 3368 transferre
1978 3310 2324 3384 imperium,
2366 3327 2609 3383 seseque
2658 3310 2767 3369 de-

551 3393 595 3424 ‘·‘
625 3389 902 3456 stituere3
961 3388 1198 3458 aequius.
1237 3389 1418 3444 fuisse
1455 3386 1773 3447 Medorum
1824 3388 1999 3444 alicui
2050 3388 2307 3448 tribuere
2356 3389 2473 3446 hoe
2512 3389 2759 3456 bonum,

551 3473 594 3500 “
623 3484 814 3539 quam.
845 3465 1104 3538 cuipiam
1146 3483 1222 3520 ex
1269 3465 1488 3522 PersiS..
1564 3465 1743 3528 Nunc
1788 3484 1931 3522 vero
1978 3466 2209 3536 Medos,
2253 3468 2431 3541 culpa
2463 3477 2761 3534 vacantes,

552 3551 593 3580 “
621 3561 820 3600 servos
859 3543 1044 3600 factos
1061 3561 1195 3600 esse
1245 3562 1350 3618 pro
1389 3543 1681 3615 dominis3
1726 3544 1931 3602 Persas
1952 3552 2186 3612 autem,
2214 3563 2403 3622 quntum
2440 3542 2763 3604 Medorum

553 3629 598 3661 ‘⁴‘
629 3623 858 3696 pridem
887 3621 1140 3678 fuissent
1161 3624 1332 3690 servi,
1355 3623 1627 3680 dominos
1647 3641 1855 3684 eorum
1876 3624 2179 3680 cmsisse.’‘

637 3706 770 3758 130.
811 3700 1008 3776 Igitur
1031 3701 1340 3776 Astyages,
1370 3711 1687 3776 postquam-
1710 3710 1827 3761 tres
1854 3710 1915 3758 et
1952 3702 2202 3788 triginta
2227 3721 2419 3760 annos-
2436 3713 2765 3781 regnasset,

551 3781 638 3838 ita
675 3785 842 3852 reguo
879 3786 1072 3836 exutus
1111 3787 1236 3836 est:
1277 3780 1442 3838 Medi
1476 3791 1638 3847 vero,
1662 3788 1901 3856 propter-
1937 3781 2115 3850 hujus
2141 3782 2543 3852 acerbitatem,
2570 3783 2765 3846 Persis

553 3859 1034 3928 succubuerunt3
1081 3866 1390 3932 postquam
1419 3859 1737 3933 imperium
1754 3859 2075 3933 superioris
2096 3868 2259 3918 trans
2284 3859 2485 3937 Halyn
2512 3863 2767 3920 fluvium

551 3939 710 4002 Asiae
753 3953 856 4010 per
901 3954 1084 3992 annos
1131 3944 1420 3996 trecentos
1468 3945 1541 3994 et.
1568 3937 2011 4012 duodetriginta.
2042 3946 2370 4006 tenuerant,
2414 3939 2625 3999 demtis
2678 3942 2763 3998 eis

551 4017 729 4084 annis
745 4014 962 4089 quibus
989 4033 1167 4088 penes
1183 4013 1424 4090 Scythas
1453 4016 1645 4088 fuerat
1666 4016 1995 4090 imperium.
2074 4013 2577 4094 Postero-quidem
2602 4028 2761 4078 tem-

553 4112 697 4174 pore
743 4094 1018 4167 poenituit
1057 4113 1156 4150 eos
1203 4090 1378 4165 hujus
1418 4095 1587 4162 facti,
1616 4095 2093 4170 desciveruntque
2138 4117 2175 4153 a
2212 4097 2433 4162 Dario:
2476 4098 2581 4154 sed
2628 4105 2765 4172 post

471 4213 474 4218 -
551 4172 941 4238 defectionem
967 4172 1164 4234 denuo
1207 4173 1434 4252 subacti
1455 4181 1630 4244 sunt,
1648 4174 1847 4249 praelio
1886 4174 2161 4250 sumenti.
2239 4175 2413 4236 Tunc
2443 4187 2589 4250 veto
2620 4177 2765 4236 Per-
