2925 4992
588 317 713 377 422
1168 308 1670 371 HERODOTI
1725 305 2094 391 HJSTOR.
2141 312 2252 371 lx.

590 490 733 531 vero
760 470 1079 547 indignior,
1104 469 1367 535 deserere
1406 467 1782 542 manipulum
1807 466 2244 537 Pitanetarum,
2265 469 2534 547 quoniam
2556 469 2625 530 tta
2641 470 2737 529 dux

592 553 833 609 illorum
874 550 1173 607 animatus
1216 556 1407 617 esset,
1452 547 1672 620 quippe
1709 546 1900 612 veriti,
1927 564 2025 611 ne,
2061 548 2112 603 si
2153 546 2258 605 illo
2295 548 2487 605 relicto
2531 549 2740 605 facerent

590 648 727 705 quoe
772 646 911 685 cum
956 628 1183 685 caeteris
1217 626 1437 685 Graecis
1481 624 1953 691 constituissent,
1987 626 2252 683 desertus
2298 628 2499 699 periret
2539 628 2740 683 Amom-

590 710 867 783 pharetus
890 724 1027 763 cum
1052 708 1189 763 suis.
1268 705 1339 762 Id
1368 722 1568 759 secum
1597 710 1956 775 reputantes,
1983 705 2242 778 gradum
2269 707 2464 761 sistere
2489 701 2744 776 jusserunt

588 786 915 845 Laconicas
940 785 1163 859 copias,
1192 792 1253 841 et
1286 782 1631 857 persuadere
1673 778 1904 839 homini
1929 782 2126 837 conati
2153 790 2314 851 sunt,
2341 801 2456 841 non
2481 792 2617 841 recte
2635 802 2744 841 eum

590 867 808 925 facere.

670 947 769 999 54.
806 942 973 999 Dum
1022 941 1110 1000 illi
1154 937 1684 1012 Amompharetum
1727 938 2134 1005 adhortantur,
2177 957 2368 997 unum
2411 958 2481 997 ex
2515 939 2746 997 omnibus

589 1020 1053 1079 Lacedaemoniis
1092 1030 1153 1077 et
1193 1020 1490 1093 Tegeatae
1531 1036 1684 1091 pone
1729 1026 2108 1087 manentem3
2153 1020 2388 1075 interim
2423 1020 2747 1091 Athenienses

586 1100 715 1161 haec
750 1100 1027 1155 fecerant.
1106 1097 1312 1159 Quieti
1354 1103 1636 1155 steterant
1677 1098 1740 1151 in
1783 1096 2032 1169 vestigio
2072 1096 2180 1151 ubi
2217 1097 2394 1153 locati
2435 1105 2604 1163 erant,
2628 1097 2749 1151 bene

586 1178 759 1253 gnari
798 1178 979 1235 moris
1006 1174 1618 1240 Lacedaemoniorum,
1645 1172 1762 1231 alia
1799 1192 1954 1247 saepe
1993 1176 2406 1249 cogitantium,
2435 1176 2544 1231 alia
2577 1174 2744 1231 dicen-

586 1259 762 1313 tium.
842 1256 929 1311 Ut
954 1265 1155 1311 autem
1199 1270 1437 1309 movere
1464 1271 1528 1309 se
1555 1254 1734 1325 coepit
1755 1252 2064 1321 exercituS,
2091 1254 2352 1327 equitem
2379 1253 2450 1309 de
2475 1254 2586 1309 suis
2609 1252 2750 1309 mise-

588 1344 751 1402 runt,
780 1336 881 1408 qui
926 1342 1215 1408 spectaret
1259 1338 1465 1387 utrum
1509 1330 1947 1388 Lacedaemonii
1985 1331 2280 1389 discedere
2323 1332 2746 1407 adgrederentur,

586 1432 667 1473 an
708 1414 953 1471 omnino
994 1412 1067 1467 de
1108 1410 1470 1485 profectione
1511 1427 1628 1465 non
1673 1410 1999 1484 cogitarent
2015 1432 2035 1481 5
2081 1417 2212 1465 tum
2253 1411 2356 1483 qui
2397 1428 2470 1467 ex
2505 1409 2750 1475 Pausania

584 1499 889 1568 quoereret,
916 1490 1057 1566 quid
1090 1490 1231 1562 ipsis
1259 1498 1411 1543 esset
1436 1486 1788 1543 faciendum.

664 1576 765 1629 55.
807 1569 929 1627 Ubi
956 1568 1031 1625 ad
1060 1566 1534 1625 Lacedaemonios
1575 1566 1840 1638 pervenit
1883 1584 2092 1639 praeco,
2122 1568 2268 1624 vidit
2309 1568 2444 1625 illos
2469 1586 2536 1625 eo
2557 1566 2658 1623 loci
2678 1567 2747 1621 in-

584 1656 839 1709 structos
882 1654 1125 1711 stantes,
1152 1653 1213 1703 et
1252 1646 1538 1719 primores
1583 1645 1820 1705 illorum
1859 1646 2016 1703 inter
2041 1664 2106 1703 se
2143 1648 2510 1703 altercantes.
2581 1648 2747 1707 Quum

494 1746 503 1764 ¹
584 1729 745 1785 enim
791 1725 1333 1797 Amompharetum·
1368 1723 1584 1780 hortati
1637 1732 1832 1779 essent
1879 1724 2196 1799 Euryanax
2239 1733 2296 1781 et
2345 1724 2660 1793 Pausanias,
2695 1740 2750 1779 ne

584 1808 747 1865 solus
772 1804 1365 1861 Lacedaemoniorum
1399 1801 1482 1869 ibi
1515 1818 1756 1857 manens
1787 1818 1850 1857 se
1877 1819 2128 1875 suosque
2157 1804 2217 1859 in
2259 1804 2575 1875 periculum
2601 1802 2748 1863 addu-

580 1892 763 1950 ceret,
790 1879 1035 1939 minime
1064 1882 1119 1939 ei
1160 1888 1574 1955 persuaserunt
1591 1904 1612 1949 5
1657 1888 1716 1937 et
1743 1879 1818 1935 ad
1857 1888 2186 1937 extremum
2217 1899 2288 1936 eo
2315 1890 2568 1953 ventum,
2587 1889 2680 1945 est,
2701 1886 2752 1939 ut

584 1965 659 2021 ad
710 1972 920 2019 mutua
968 1960 1233 2015 convicia
1278 1958 1722 2032 descenderent,
1765 1976 1883 2029 quo
1929 1966 2194 2031 tempore
2243 1960 2554 2017 adveniens
2599 1975 2752 2032 praeco

582 2040 953 2099 Atheniensis
980 2056 1177 2093 coram
1204 2037 1289 2091 eis
1316 2036 1496 2091 stetit.
1577 2036 1656 2091 Et
1692 2036 2018 2093 maledictis
2057 2038 2192 2094 illos
2233 2039 2528 2095 incessens
2549 2038 2752 2093 Amom-

584 2120 883 2193 pharetuS,
912 2114 1199 2171 ambabus
1243 2114 1514 2169 manibus
1555 2114 1787 2169 sublato
1827 2132 1992 2182 saxo,
2017 2133 2204 2190 eoque
2231 2127 2372 2173 ante
2409 2117 2576 2191 pedes
2599 2116 2752 2189 posito

586 2194 903 2274 Pausaniae,
933 2200 973 2225 “
1007 2193 1141 2251 Hoc
1182 2192 1469 2257 calcu10‚”
1501 2192 1606 2257 ait,
1638 2199 1676 2221 “
1709 2192 2050 2266 suffragium
2091 2212 2206 2269 ego
2247 2196 2402 2263 fero,
2435 2214 2548 2251 non
2583 2194 2752 2250 debere

587 2283 631 2308 “
662 2292 773 2333 nos
828 2274 1039 2347 fugere
1100 2271 1523 2345 peregrinos:'’
1589 2286 1805 2343 nempe
1861 2275 2174 2344 peregrinos
2224 2273 2525 2351 ‚Barbaros
2581 2274 2754 2329 dicens.

586 2350 781 2418 Quem
805 2350 1093 2426 furiosum
1120 2357 1181 2405 et
1207 2349 1351 2404 male
1384 2366 1580 2403 sanum
1619 2349 1916 2421 adpellans
1947 2351 2279 2417 Pausanias,
2312 2371 2456 2411 mox
2481 2352 2548 2409 ad
2575 2368 2752 2425 praeco·

588 2451 727 2491 nem
771 2428 1221 2487 Atheniensium
1268 2444 1610 2493 conversuS,
1645 2427 2109 2501 interrogantem
2155 2432 2314 2503 quod
2359 2433 2414 2487 ei
2457 2432 2752 2489 mandatum

580 2518 732 2577 erat,
754 2505 933 2580 jussit
972 2508 1155 2572 hunc,
1184 2506 1296 2561 illis
1336 2506 1468 2577 quid
1509 2505 1594 2561 hic
1633 2514 1887 2577 ageretur
1926 2512 2204 2575 nunciare,
2233 2512 2664 2583 suoque-nomine
2683 2525 2750 2563 ro.-

580 2608 717 2663 gqre
744 2588 1119 2652 Athenienses,
1145 2591 1206 2641 ut
1246 2585 1319 2639 ad
1356 2602 1413 2641 se
1440 2586 1704 2650 venirent,
1733 2592 1787 2639 et
1813 2586 1880 2639 de
1918 2586 2149 2643 discessu
2171 2589 2438 2666 facerent
2476 2590 2606 2663 quod
2643 2593 2752 2661 ipsos

589 2668 847 2725 vidissent
861 2665 1073 2739 facere.
2289 2730 2296 2737 ⁸
2723 2724 2728 2731 ,

666 2750 763 2805 56.
803 2744 883 2801 Et
923 2743 1021 2799 ille
1062 2742 1300 2817 quidem
1342 2742 1414 2799 ad
1441 2742 1818 2799 Athenienses
1857 2743 2042 2801 rediit.
2122 2744 2256 2803 Hos
2283 2765 2428 2804 vero
2455 2757 2519 2807 ut
2556 2749 2754 2804 interse

584 2824 985 2897 disceptantes
1030 2840 1241 2877 aurora
1286 2821 1692 2894 deprehendit,
1728 2822 2072 2887 Pausaniae,
2115 2841 2301 2896 quum
2350 2828 2540 2883 adhuc
2577 2823 2754 2881 ibidem

584 2902 925 2968 mansisset,
954 2900 1299 2957 existimans
1326 2900 1878 2973 Amompharetum,
1911 2902 1957 2957 si
1987 2899 2194 2974 reliqui
2217 2902 2640 2961 Lacedaemonii
2661 2900 2754 2958 dis-

586 2982 917 3045 cessissent,
950 2996 1071 3035 non
1098 2978 1181 3034 ibi
1206 2979 1399 3034 solum
1426 2996 1809 3051 ‚mansurunu
1845 2980 1929 3049 (id
1973 2981 2131 3055 quod
2173 2978 2352 3038 etiam
2397 2981 2620 3053 accidit)
2645 2980 2753 3035 dato

582 3060 831 3134 imperio
858 3066 1097 3113 caeteros
1130 3073 1338 3113 omnes
1368 3056 1612 3112 abduxit
1653 3074 1754 3129 per
1793 3057 1975 3113 clivos
1999 3084 2015 3128 5
2062 3066 2122 3114 et
2147 3059 2428 3134 Tegeatae
2453 3077 2666 3135 quoque
2685 3075 2754 3115 se-

538 3154 552 3173 ·
584 3140 931 3214 quebantur.
1018 3136 1401 3191 Athenienses
1454 3153 1614 3201 vern,
1667 3134 1874 3193 ordine
1935 3136 2224 3203 instructI,
2273 3142 2568 3197 contraria
2611 3152 2753 3211 quam

580 3215 1017 3279 Lacedaemonii
1042 3214 1138 3271 via
1166 3212 1550 3269 incedebant:
1593 3213 1654 3269 hi
1681 3214 1840 3273 enim
1871 3225 2034 3271 metu
2059 3217 2360 3291 equitatus
2383 3218 2560 3274 clivos
2584 3230 2752 3288 seque-

582 3298 799 3355 bantur
826 3292 1131 3351 etradices
1160 3292 1510 3349 Citbaeronis
1531 3316 1549 3363 5
1594 3292 1982 3350 Athenienses
2009 3311 2146 3353 vero
2173 3294 2336 3353 infra
2365 3315 2472 3371 per
2495 3295 2754 3371 planitiem

584 3370 1121 3451 progrediebantur.
2062 3404 2065 3409 v

665 3457 763 3517 57.
808 3450 1299 3523 Amompharetus
1334 3456 1558 3517 autem,
1590 3467 1827 3522 prorsus
1869 3467 2178 3523 persuasus
2220 3472 2589 3529 nequaquam
2613 3467 2754 3509 ausu-

582 3549 715 3591 rum
746 3524 1099 3587 Pausaniam
1126 3545 1188 3583 se
1214 3545 1470 3601 suosque
1497 3528 1778 3596 deserere,
1807 3530 1986 3585 etiam
2025 3548 2180 3587 nunc
2219 3534 2434 3589 institit
2461 3543 2527 3591 ut
2556 3533 2630 3589 ibi
2655 3548 2752 3587 ma·

580 3617 809 3673 nerent,
840 3624 950 3663 nec
978 3608 1309 3663 desererent
1334 3608 1654 3663 stationem
1679 3629 1693 3663 ε
1737 3614 1817 3673 at,
1847 3607 1944 3663 ubi
1979 3603 2110 3677 jam
2135 3610 2376 3685 longius
2419 3624 2754 3687 progressum

582 3683 937 3749 Pausaniam
963 3702 1099 3741 cum
1128 3685 1249 3741 suis
1286 3684 1455 3751 vidit,
1485 3693 1628 3741 tunc
1669 3695 1830 3757 ratus
1873 3703 2072 3741 revera
2111 3688 2244 3744 illos
2283 3708 2413 3747 sese
2453 3689 2752 3747 deseruisse,

584 3765 965 3839 manipulum
986 3781 1157 3819 suum
1190 3781 1355 3819 arma
1373 3781 1576 3833 capere
1593 3760 1792 3832 jussit,
1810 3782 2062 3837 eumque
2079 3768 2316 3826 militari
2341 3770 2534 3843 gradu
2553 3768 2620 3825 ad
2645 3763 2752 3821 reli-

582 3864 765 3923 quum
784 3862 999 3919 agmen
1017 3841 1277 3899 adduxit.
1334 3842 1409 3897 At
1435 3842 1544 3907 ini,
1575 3853 1886 3915 postquam
1913 3843 2114 3899 decem
2138 3846 2258 3901 fere
2285 3849 2478 3903 stadia
2503 3841 2757 3921 progressi

582 3934 778 3989 erant,
804 3928 1285 3994 exspectaverunt
1312 3920 1756 3993 Amomphareti
1783 3922 2178 3994 manipulum,
2201 3926 2356 3981 circa
2381 3924 2620 3981 fluvium
2646 3922 2754 3978 Mo-

580 4006 843 4061 loentem
867 3998 1199 4056 resistentes
1220 4006 1279 4053 et
1299 4000 1453 4053 circa
1471 3998 1670 4058 locum
1692 4000 1788 4055 cui
1807 3998 2086 4073 Argiopio
2112 4020 2346 4069 nomen,
2364 4004 2470 4061 ubi
2500 4002 2752 4075 templum

582 4091 671 4141 est
701 4078 925 4135 Cereris
952 4076 1287 4133 EleusinIae.
1366 4076 1720 4134 Manseruut·
1761 4086 1959 4133 autem
2005 4079 2086 4134 ibi
2125 4080 2240 4137 hoc
2271 4082 2544 4148 consilio,
2569 4098 2694 4155 qun,
2713 4076 2754 4131 si

578 4160 897 4223 stationem
927 4174 1045 4233 qua
1082 4156 1307 4213 locatus
1346 4164 1471 4213 erat
1513 4174 1630 4215 non
1675 4155 2074 4233 relinquerent
2097 4159 2588 4239 Amompharetus
2623 4154 2752 4231 ejus:-
