2925 4992
901 306 1471 373 monimum
1887 383 1891 394 Ι
2198 306 2315 371 sos

159 484 312 543 quam
339 482 516 561 regno
539 464 982 543 Spartanorum
999 471 1286 565 privatus
1303 479 1418 537 est,
1445 468 1847 529 voluntarium
1889 468 2003 527 sibi
2048 471 2173 545 ipse
2214 487 2321 529 ex·-

161 547 330 603 silium
355 548 724 621 imposuerat.
803 549 926 606 Hic
965 552 1076 617 vir,
1101 552 1348 627 cognito
1393 549 1651 607 filiorum
1680 542 1847 605 Darii
1890 548 2150 615 ‹lissidi0,
2178 566 2325 607 con-

159 625 374 682 veniens
421 632 512 701 (ut
549 627 790 701 quidem
815 628 980 685 fama
1023 627 1140 697 est)
1187 628 1475 693 Xerxem,
1502 627 1689 683 suasit
1716 628 1795 693 ei,
1822 633 1893 683 ut
1918 628 2166 693 caeteris,
2192 644 2329 701 qum

163 702 246 759 ille
267 721 364 777 pro
387 722 493 762 sua
517 722 722 762 caussa
753 706 1012 773 dicebat,
1043 709 1169 763 haec
1202 707 1471 763 adderet·
1564 713 1817 763 ‘natum
1862 722 1925 761 se
1964 722 2093 762 esse
2138 704 2331 761 Dario

163 776 330 850 ‘fijam
400 786 689 857 regnanti,
745 792 805 840 et
844 785 1150 841 Persarum
1201 785 1430 841 tenenti
1482 784 1835 858 imperium3
1906 784 2331 841 Artabazanem

184 866 361 927 ‘‚vero
387 862 616 935 privato
639 863 818 919 etiam
847 872 974 921 tum
1001 865 1192 937 patri·
1233 863 1431 937 itaque
1455 880 1567 919 nec
1584 862 1943 919 conveniens
1971 880 2079 919 nee
2094 870 2331 932 justum
2401 874 2405 878 ·

163 943 198 968 “
221 955 351 1005 esse,
401 947 468 995 ut
517 941 666 996 alius
720 958 842 1015 prae
893 941 1022 1015 ipso
1073 943 1245 999 istam
1295 941 1548 1013 accipiat
1592 941 1961 1016 dignitatem.
2058 941 2217 997 Nam
2268 948 2333 997 et

164 1022 200 1046 “
220 1016 424 1089 Spartae
451 1020 538 1091 (et
563 1020 676 1075 hoc
715 1017 805 1075 illi
830 1018 1186 1077 Demaratus
1229 1017 1555 1095 suggessit)
1599 1019 1750 1076 hanc
1800 1020 1995 1093 legem
2040 1019 2333 1088 obtinere,

163 1100 196 1125 “
219 1096 264 1150 si
286 1096 378 1151 alii
407 1098 531 1154 nati
555 1098 673 1153 sint
701 1098 1046 1171 priusquam
1073 1116 1176 1155 rex
1204 1098 1412 1154 fuisset
1439 1106 1620 1171 poter,
1648 1098 1797 1153 alius
1832 1106 2031 1155 autem
2060 1105 2193 1170 post
2218 1097 2328 1153 hos

162 1177 196 1203 “
220 1174 458 1247 quidem,
485 1176 590 1233 sed
617 1186 906 1249 regnante
951 1187 1136 1250 patre,
1168 1184 1340 1233 natus
1367 1176 1464 1239 sit,
1493 1184 1565 1233 ut
1606 1174 1701 1233 hic
1746 1184 1879 1250 post
1906 1185 2077 1234 nutus
2105 1178 2164 1231 in
2194 1193 2329 1251 reg-

161 1257 196 1283 “
218 1268 348 1309 num
371 1254 664 1311 succedat.
667 1257 698 1277 ’⁹
783 1255 918 1316 Quo
961 1256 1262 1312 Demarati
1308 1254 1537 1311 monito
1560 1270 1747 1328 quum
1788 1252 2015 1309 Xerxes
2041 1262 2327 1320 uteretur,

159 1347 454 1405 agnoscens
507 1332 728 1389 Darius
779 1350 946 1407 aequa
1005 1332 1176 1389 illum
1227 1334 1440 1398 dicere,
1498 1350 1697 1407 regem
1746 1332 1915 1390 illum
1978 1332 2336 1390 nominavit.

161 1407 376 1467 Videtur
417 1418 618 1469 autem
665 1410 812 1467 mihi
861 1410 1088 1469 Xerxes
1141 1410 1320 1467 etiam
1365 1412 1588 1484 absque
1639 1410 1749 1465 hoc
1798 1410 2031 1467 monito
2080 1428 2327 1486 regnum

160 1485 314 1545 fuisse
337 1490 690 1563 adepturus3
733 1506 868 1545 nam
895 1491 1100 1547 omnia
1122 1490 1278 1564 apud
1305 1487 1557 1546 Darium
1583 1496 1811 1559 poterat
1840 1490 2060 1545 Atossa.

219 1567 269 1623 4.
303 1568 540 1635 Darius,
559 1576 872 1641 postquam
897 1586 1096 1641 regem
1117 1568 1424 1625 Persarum
1455 1568 1812 1623 nominasset
1826 1562 2281 1638 Xerxem,Ja1n
2266 1584 2331 1623 ιιι

162 1660 218 1699 eo
239 1654 350 1701 erat
365 1655 430 1703 ut
457 1647 600 1703 belli
627 1646 846 1702 faceret
871 1646 1130 1705 initium.
1168 1648 1246 1703 At
1271 1645 1448 1711 enim,
1477 1644 1745 1718 proximo
1772 1644 1847 1700 ab
1872 1644 1961 1699 his
1980 1643 2155 1704 rebus
2174 1653 2235 1699 et
2262 1645 2339 1703 ab

156 1720 372 1797 AEgypti
395 1725 732 1782 defectione
756 1732 912 1781 anno
941 1726 1176 1791 accidit,
1203 1731 1272 1781 ut
1306 1725 1462 1779 idem
1492 1723 1748 1781 Darius'
1732 1742 1793 1779 ιιι
1821 1722 2013 1781 medio
2042 1722 2183 1779 belli
2222 1724 2331 1781 ad·-

157 1811 340 1872 paratu
359 1822 392 1859 e
415 1805 548 1861 vita
581 1803 918 1869 discederet,
945 1812 1260 1876 postquam
1303 1818 1489 1857 annos
1530 1800 1775 1859 omnino
1822 1812 2123 1875 regnasset
2144 1818 2247 1857 sex
2272 1812 2335 1863 et

155 1880 406 1953 triginta.
447 1898 640 1956 neque
679 1882 737 1937 ei
775 1882 1034 1955 contigit
1076 1889 1180 1939 aut
1221 1882 1294 1938 de
1333 1879 1747 1938 rebellantibus
1789 1878 2073 1967 AEgyptiis
2112 1888 2215 1935 aut
2260 1882 2334 1937 de

157 1956 594 2017 Atheniensibus
647 1977 877 2017 sumere
930 1976 1188 2033 poenam.
1289 1958 1535 2015 Mortuo
1590 1956 1775 2033 igitur
1824 1954 2029 2024 Dario,
2082 1972 2335 2033 regnum

158 2039 380 2111 suscepit
403 2040 640 2105 Xerxes,
665 2038 835 2095 Darii
864 2039 1036 2095 iilius.
1129 2046 1136 2053 ’

209 2120 269 2175 ..5
305 2116 564 2173 Xenxzs
593 2118 668 2173 ad
696 2118 918 2173 bellum
945 2118 1180 2191 quidem
1217 2117 1462 2175 Graeciae
1507 2114 1881 2173 inferendum
1922 2116 2097 2175 initio
2138 2118 2333 2173 neuti

157 2210 308 2267 quam
327 2196 692 2267 inclinabat3
737 2196 841 2253 sed
888 2204 1096 2253 contra
1128 2196 1462 2271 AEgyptum
1508 2196 1705 2269 copias
1740 2195 2050 2253 contraxit.
2136 2194 2333 2257 Quem

157 2276 474 2333 conveniens
505 2274 858 2331 Mardonius
885 2274 1140 2349 Gobryae
1171 2275 1354 2341 filius,
1385 2274 1775 2331 consobrinus
1800 2274 2039 2337 Xerxis,
2067 2272 2237 2329 Darii
2260 2292 2341 2331 ex

153 2368 324 2409 sorore
331 2370 559 2442 nepos,
586 2352 690 2425 qui
715 2352 915 2427 apud
899 2371 1093 2427 ipsum
1119 2354 1438 2427 plurimum
1465 2353 1757 2412 omnium·
1748 2352 2071 2407 -Persarum
2097 2346 2335 2409 valebat

155 2429 494 2500 auctoritate,-
523 2432 702 2487 talem
737 2448 982 2488 exorsus
1008 2440 1098 2488 est
1125 2448 1495 2496 sermonem:
1556 2428 1907 2495 “Domine,
1931 2444 2169 2503 aequum
2204 2442 2341 2489 non

157 2513 317 2577 “est,
339 2518 408 2568 ut
430 2511 844 2577 Athenienses,
871 2511 972 2584 qui
996 2506 1239 2567 multis'
1215 2528 1344 2581 Jam
1379 2508 1551 2567 malis
1578 2508 1785 2567 Persas
1808 2508 2173 2575 adfecerunt,
2206 2526 2331 2565 non

155 2592 191 2617 ‘¹
215 2589 346 2645 dent
368 2606 578 2664 poenas
601 2588 911 2645 facturum.
989 2590 1070 2645 At
1093 2606 1252 2646 nunc
1275 2589 1515 2662 quidem
1561 2596 1627 2643 tu
1666 2604 1911 2663 peragas
1938 2586 2081 2651 haec,
2110 2604 2243 2659 quae
2268 2588 2332 2643 in

153 2670 188 2705 ‘-‘
207 2670 460 2725 manibus
491 2668 678 2724 habes
698 2683 718 2722 ι
763 2668 988 2727 domita
1013 2685 1154 2725 vero
1180 2668 1429 2741 AE'gypti
1471 2666 1802 2731 insolentia,
1830 2668 2105 2723 adversus
2146 2666 2331 2723 Athe-

153 2749 186 2776 “
213 2764 305 2804 nas
325 2747 436 2805 duc
461 2746 796 2804 exercitum
817 2770 836 2816 ς
880 2764 998 2819 quo
1037 2755 1100 2801 et
1147 2746 1368 2803 bonam
1394 2746 1615 2801 famam
1652 2744 1920 2817 adquiras
1950 2744 2104 2818 apud
2133 2745 2328 2801 homi-

157 2825 191 2855 “
215 2842 324 2893 nes,
351 2836 408 2883 et
433 2826 690 2900 posthac
715 2834 918 2881 caveat
947 2824 1198 2898 quisque
1225 2832 1342 2879 tuae
1371 2832 1539 2881 terrae
1564 2840 1729 2879 arma
1754 2824 1985 2879 inferre.
1990 2826 2021 2845 '⁹
2100 2822 2183 2880 Et
2208 2824 2335 2881 haec

151 2904 360 2975 quidem
397 2904 598 2961 oratio
637 2904 710 2959 ad
758 2903 1110 2989 exigendam
1152 2920 1384 2976 poenam
1422 2902 1791 2977 pertinebat
1774 2942 1791 2973 ,
1837 2902 1939 2957 sed
1988 2902 2183 2957 medio
2208 2918 2332 2959 ser-

149 2984 294 3041 moni
317 2983 504 3041 alium
531 2982 915 3039 interserebat
943 2978 1320 3051 hujusmodi:
1383 2982 1751 3053 “Europam
1781 2988 1997 3035 terram
2034 2996 2161 3035 esse
2196 2980 2331 3053 pul-

173 3062 534 3127 ‘cerrim'atn,
575 3060 852 3119 arborum
887 3062 1084 3115 omnis
1124 3060 1355 3135 generis
1401 3058 1820 3133 frugiferarum
1862 3058 2134 3123 feracem,
2162 3074 2331 3120 sum-

170 3146 313 3199 ‘mae
355 3141 672 3207 bonitatis,
697 3150 758 3196 et
795 3138 1039 3215 dignam
1082 3156 1214 3213 quae
1257 3154 1376 3210 prae
1416 3136 1763 3193 mortalibus
1812 3135 2085 3195 omnibus
2126 3154 2163 3192 a
2206 3136 2335 3202 solo

151 3218 366 3295 “Rege
407 3218 841 3295 possideatur?

167 3302 278 3354 6
305 3298 450 3355 Haec
477 3296 582 3356 ille
607 3297 860 3363 dicebat,
885 3296 1042 3371 quod
1069 3312 1355 3353 novarum
1383 3312 1579 3351 rerum
1606 3294 1853 3369 cupidus
1880 3302 2055 3360 esset,
2082 3300 2141 3351 et
2166 3296 2336 3351 Grae-

153 3375 244 3431 cite
269 3379 440 3435 vellet
479 3394 610 3435 esse
653 3375 978 3451 praefectus.
1059 3374 1418 3433 Procedente
1459 3390 1600 3429 vero
1641 3382 1906 3448 tempore
1939 3375 1997 3429 id
2042 3375 2199 3447 quod
2226 3392 2335 3429 ιο-

149 3451 338 3523 luerat,
361 3456 652 3526 confecit,
697 3464 757 3513 et
797 3451 1004 3520 Xerxi,
1044 3463 1116 3511 ut
1155 3472 1280 3509 rem
1307 3452 1747 3528 adgrederetur,
1774 3453 2093 3526 persuasit.
2137 3470 2331 3509 acces-

149 3542 324 3591 serant
347 3536 509 3591 enim
555 3533 672 3589 alia
717 3550 952 3621 quoque
989 3528 1346 3601 adjumenta,
1375 3548 1507 3609 quae
1532 3531 1602 3585 ad
1632 3532 2089 3606 permovendum
2132 3548 2335 3605 regem

152 3611 420 3671 valebant.
503 3612 730 3669 Partim
759 3608 920 3669 enim
961 3628 993 3667 e
1027 3612 1078 3667 T
1082 3611 1332 3669 hessalia
1357 3612 1713 3666 advenerant
1736 3608 1810 3665 ab
1837 3610 2104 3669 Aleuadis
2132 3610 2333 3685 legati,
2336 3644 2343 3652 ·

151 3686 450 3749 invitantes
481 3708 682 3766 regem
711 3698 781 3746 ut
807 3690 1084 3747 adversus
1107 3688 1402 3745 Graeciam
1425 3688 1684 3754 duceret,
1710 3696 1772 3744 et
1796 3698 2091 3762 promtam
2114 3690 2169 3744 ei
2194 3704 2337 3761 ope·-

149 3782 260 3825 mm
285 3770 648 3844 pollicentes.
725 3768 916 3825 Erant
942 3777 1142 3825 autem
1168 3768 1229 3825 hi
1257 3768 1551 3834 Aleuadae,
1576 3767 1895 3825 Thessaliae
1914 3785 2099 3843 reges.
2192 3766 2341 3823 Par-

149 3844 246 3906 tim
283 3866 422 3905 vero
449 3847 850 3913 Pisistratidas,
881 3850 1028 3905 Susa
1064 3846 1333 3920 profecti,
1365 3863 1483 3901 non
1525 3845 1705 3901 modo
1750 3846 1969 3903 eisdem
2010 3844 2337 3902 utebantur

147 3928 504 3985 sermonibus
554 3926 764 3997 quibus
802 3924 1102 3989 Alenudae.
1149 3924 1250 3981 sed
1301 3930 1583 3997 praeterea
1624 3923 1927 3997 aIIquanto
1972 3924 2162 3997 magis
2208 3927 2337 4001 regi

149 4005 602 4063 conciliabantur
633 4020 724 4069 eo,
753 4003 908 4077 quod
937 4002 1391 4063 Onomacritum
1434 4020 1635 4059 secum
1682 4004 1969 4059 haberent
2012 4003 2341 4063 Athenien-

149 4096 281 4149 sem,
307 4084 618 4143 fatidicum
644 4084 858 4149 virum,
886 4084 990 4157 qui
1013 4084 1192 4141 etiam
1219 4080 1433 4139 Musaei
1456 4082 1731 4139 vaticinia
1752 4080 2015 4155 digessit.
2080 4082 2343 4151 Adscen-

147 4158 340 4221 dera‘nt
361 4164 425 4225 hi
452 4170 676 4232 autem,
702 4160 766 4221 in
794 4162 1048 4240 gratiam
1073 4178 1212 4243 curn
1250 4158 1354 4219 illo
1393 4157 1609 4243 reversi
1634 4182 1648 4218 ι
1696 4176 1833 4219 nam
1854 4159 2107 4220 Athenis
2132 4162 2339 4239 pulsus
