2925 4992
564 326 677 383 1³4
832 358 839 365 ·
1114 318 1617 381 HERODOTI
1673 314 2040 378 HISTOR.
2081 316 2196 375 111.

556 479 841 541 mandato
866 477 1029 545 dato,
1058 486 1167 535 ne‘c
1190 491 1391 535 secum
1414 477 1684 553 cogitans
1707 474 1770 533 in
1795 475 2010 534 ultima
2047 482 2332 533 terrarum
2363 474 2582 551 suscipi
2610 475 2776 535 hanc

556 560 1009 635 expeditionem.
1088 554 1219 621 Sed,
1257 566 1325 611 ut
1368 555 1647 621 furiosus,
1689 572 1796 611 nec
1839 555 2058 613 mentis
2099 572 2362 628 compos,
2398 556 2770 629 simulatque

554 638 1033 714 lchthyophngos
1060 634 1341 701 audierat,
1366 635 1441 691 ad
1476 634 1697 690 bellum
1724 633 2058 690 faciendum
2087 632 2384 707 profectus
2413 643 2538 704 est3
2585 635 2766 691 Grae·

554 733 681 784 cos,
710 712 813 791 qui
850 732 991 771 cum
1016 730 1089 769 eo
1110 722 1301 779 erant,
1332 713 1391 769 in
1418 710 1680 787 AEgypto
1723 728 1960 767 manere
1982 758 1988 779 ,
1991 707 2228 781 jubens,
2261 712 2586 783 peditatum
2618 730 2766 769 vero

552 796 895 855 universum
914 809 1117 849 secum
1142 791 1377 847 ducens.
1431 790 1752 863 Postquam
1783 789 1992 847 itinere
2017 790 2250 847 Thebas
2277 792 2564 863 pervenit,
2593 790 2764 847 able·

552 874 721 951 gavit
744 872 815 929 de
842 870 1107 929 exercitu
1148 870 1305 927 circa
1332 868 1766 943 quinquaginta
1805 868 2111 925 hominum
2156 868 2364 935 millia,
2393 887 2542 943 quos
2571 864 2770 939 jussit

554 954 615 1009 in
666 949 1007 1009 servitutem
1050 947 1311 1023 redigere
1356 948 1718 1014 Ammonius,
1747 954 1808 1003 et
1847 945 2150 1004 oraculum
2191 947 2362 1005 Jovis
2403 948 2720 1005 incendere
2741 972 2758 1006 z

552 1030 699 1104 ipse,
731 1029 1021 1102 reliquum
1046 1027 1267 1083 ducens
1292 1026 1640 1092 exercitum,
1668 1025 1944 1083 adversus
1967 1026 2278 1099 AEthiopes
2302 1026 2572 1099 perrexit.
2615 1026 2762 1094 Sed,

550 1110 713 1183 prius
742 1124 920 1181 quam
950 1106 1215 1180 quintam
1242 1103 1592 1161 confecisset
1625 1104 1844 1159 itineris
1884 1115 2132 1177 partem,
2161 1103 2436 1176 primum,
2465 1104 2760 1178 quidquid

551 1188 903 1245 cibariorum
946 1186 1019 1241 de
1061 1182 1341 1241 frumenti
1380 1199 1594 1257 genere
1639 1181 1982 1248 habuerant,
2007 1200 2108 1238 eos
2147 1180 2472 1253 defecerat3
2519 1183 2758 1250 deinde,

550 1275 683 1341 post
708 1265 1094 1327 frumentum,
1112 1262 1291 1319 etiam
1312 1256 1588 1331 jumenta
1607 1278 1738 1333 quae
1759 1261 1988 1317 comedi
2015 1268 2249 1335 possent
2275 1261 2556 1319 defecere.
2599 1262 2762 1323 Quae

549 1346 602 1401 si
622 1343 941 1417 Cambyses
966 1341 1306 1415 intelligens
1334 1347 1622 1397 mutasset
1659 1340 2035 1406 sententiam,
2067 1338 2504 1413 exercitumque
2533 1340 2756 1397 redux·-

548 1424 728 1493 isset3
772 1428 918 1488 erat,
952 1428 1085 1495 post
1127 1419 1291 1492 prius
1324 1418 1646 1475 admissum
1689 1426 2013 1491 peceatum,
2041 1418 2130 1473 vir
2169 1419 2430 1491 prudens
2467 1418 2712 1475 futurus
2737 1440 2754 1475 ε

548 1518 729 1566 nunc,
754 1499 899 1557 nihil
922 1516 1119 1565 secum
1146 1504 1439 1571 reputatis„
1460 1496 1706 1553 ulterius
1729 1514 1960 1569 semper
1983 1513 2326 1571 progressus
2347 1504 2454 1553 est.
2531 1497 2612 1553 At
2641 1498 2758 1565 mi-

545 1580 681 1637 lites
700 1578 987 1652 quamdiu
1010 1596 1044 1634 e
1068 1586 1235 1633 terrae
1260 1576 1387 1631 solo
1411 1575 1671 1632 nancisci
1696 1575 1912 1648 aliquid
1940 1582 2236 1648 poterant,
2265 1574 2474 1632 herbas
2499 1574 2758 1634 radices-

547 1676 661 1733 que
686 1656 1055 1714 comedentes
1082 1654 1264 1711 vitam
1290 1661 1735 1711 sustentarunt:
1765 1653 1868 1711 ubi
1894 1671 2034 1709 vero
2055 1654 2114 1708 in
2139 1670 2384 1709 arenosa
2408 1670 2752 1727 pervenere,

544 1738 741 1797 dirum
770 1735 997 1793 facinus
1026 1733 1297 1791 nonnulli
1320 1750 1528 1789 eorum
1569 1732 1984 1799 instituerunt3
2029 1732 2219 1787 sortiti
2247 1749 2322 1787 ex
2345 1749 2410 1789 se
2449 1731 2614 1805 ipsis,
2643 1732 2755 1789 de-

544 1817 765 1875 cimum
796 1831 1092 1887 quemque
1131 1810 1530 1869 comederunt.
1610 1810 1748 1871 Qua
1791 1828 1852 1867 re
1893 1808 2132 1885 &ignita
2158 1810 2498 1883 Cambyses,
2525 1811 2756 1869 veritus

546 1902 819 1953 mutuam
842 1892 1104 1951 militum
1144 1898 1558 1951 comesturam,
1585 1888 1800 1945 omissa
1837 1888 2114 1945 adversus
2153 1888 2462 1962 AEthiopes
2501 1890 2752 1963 expedi-

542 1973 725 2038 tione,
754 1979 1145 2046 retrogressus
1172 1974 1259 2025 est
1284 1991 1301 2037 3
1344 1966 1664 2039 multisque
1689 1966 1760 2022 de
1786 1963 2046 2023 exercitu
2085 1966 2334 2033 amissis,
2360 1965 2597 2023 Thebas
2633 1968 2752 2025 ite-

544 2068 681 2125 rum
728 2048 1014 2124 pervenit.
1093 2048 1417 2119 Quumque
1451 2044 1674 2103 Thebis
1713 2045 2024 2119 Memphin
2067 2042 2475 2111 descendisset,
2507 2045 2752 2103 Graecos

544 2146 683 2189 eum
709 2128 961 2185 navibus
984 2126 1231 2183 domum
1256 2124 1496 2181 dimisit.
1573 2124 1624 2181 Τ
1627 2123 1736 2181 alis
1775 2122 1956 2198 igitur
1979 2118 2170 2181 exitus
2195 2122 2314 2181 fuit
2353 2122 2754 2201 expeditionis

546 2207 823 2267 adversus
848 2202 1161 2279 AEthiopes
1188 2211 1492 2277 susceptae.

620 2289 718 2343 26.
756 2284 881 2347 Qui
906 2300 1047 2341 vero
1074 2283 1149 2341 ad
1175 2282 1395 2341 bellum
1422 2282 1752 2339 Ammoniis
1792 2280 2170 2339 inferendum
2209 2289 2378 2339 erant
2415 2282 2605 2351 missi,
2635 2283 2750 2341 bos

541 2372 911 2439 compertum
938 2370 1050 2429 est,
1076 2362 1325 2419 ducibus
1358 2360 1578 2417 itineris
1617 2360 1951 2426 comitatos,
1980 2360 2163 2415 Oasin
2207 2359 2493 2434 oppidum
2535 2378 2746 2434 perve-

444 2442 453 2455 '
539 2445 719 2510 nisse,
748 2441 901 2517 quod
932 2441 1117 2499 Samii
1142 2440 1427 2506 incolunt,
1454 2440 1559 2513 qui
1585 2438 1658 2495 de
1685 2438 2060 2497 AEschrionia
2099 2438 2258 2495 tribu
2295 2456 2420 2495 esse
2445 2438 2748 2508 dicuntur,

540 2522 877 2595 abeuntque
910 2538 945 2575 a
970 2519 1189 2577 Thebis
1229 2525 1451 2591 septem
1493 2517 1722 2575 dierum
1765 2517 1966 2575 itinere
2001 2534 2105 2591 per
2145 2534 2388 2573 arenosa
2425 2517 2742 2595 faciendo;

540 2600 887 2658 nominatur
912 2606 1110 2655 autem
1140 2596 1241 2653 ine
1266 2596 1433 2653 locus
1456 2596 1664 2651 Graeco
1692 2612 1962 2653 sermone
1996 2597 2287 2653 Beatorum
2314 2596 2512 2653 insula.
2567 2597 2748 2655 Hunc

534 2680 725 2755 igitur
748 2678 813 2733 in
840 2678 1039 2735 locum
1064 2675 1397 2750 pervenisse
1424 2674 1640 2730 dicitur
1665 2675 1764 2731 ilie
1789 2675 2114 2731 exercitus:
2153 2674 2288 2730 inde
2317 2692 2456 2731 vero
2481 2675 2627 2750 quid
2653 2674 2748 2735 his

538 2756 830 2821 acciderit,
850 2754 963 2812 nisi
986 2754 1146 2829 quod
1166 2748 1463 2809 Ammonii
1492 2761 1726 2811 narrant
1747 2760 1810 2811 et
1829 2753 1933 2828 qui
1951 2771 2026 2809 ex
2055 2753 2146 2809 his
2173 2752 2548 2819 audiverunt,
2567 2772 2746 2813 nemo

539 2836 693 2893 alius
718 2834 1033 2908 quidquam
1074 2832 1235 2907 quod
1266 2832 1423 2889 dicat
1456 2831 1668 2899 habet3
1715 2848 1906 2906 neque
1931 2830 2086 2887 enim
2111 2828 2184 2887 ad
2216 2832 2566 2889 Ammonius
2609 2850 2742 2907 per-

536 2922 845 2979 venerunt,
875 2930 1061 2985 neque
1084 2912 1331 2967 domum
1358 2910 1570 2967 reversi
1613 2918 1766 2967 sunt.
1848 2910 2104 2967 Narrant
2127 2917 2329 2966 autem
2355 2910 2468 2965 soii
2493 2912 2742 2969 Ammo-

537 2993 647 3059 nii,
676 3008 859 3067 quum
888 2991 1022 3057 alia,
1053 3000 1181 3047 tum
1224 2990 1371 3045 hoc:
1414 2989 1490 3045 ab
1529 2990 1639 3045 hac
1664 2988 1807 3045 Oasi
1851 3005 1954 3061 per
1991 3005 2238 3043 arenosa
2263 2986 2540 3045 adversus
2583 2990 2744 3064 ipsos

537 3073 652 3131 iter
670 3070 1043 3135 facientibus,
1062 3086 1247 3145 quum
1264 3063 1391 3137 jam
1418 3068 1546 3125 fere
1569 3067 1628 3123 in
1655 3068 1852 3129 medio
1879 3067 1938 3123 in
1947 3075 2032 3123 ter
2057 3061 2216 3139 ipsos
2233 3074 2294 3123 et
2309 3067 2494 3123 Oasin
2517 3076 2742 3136 essent,

535 3150 809 3209 incidisse
836 3149 975 3215 iilis,
1004 3149 1146 3207 dum
1174 3146 1489 3221 prandium
1523 3144 1851 3219 capiebant,
1881 3145 2296 3201 vehementem
2325 3152 2384 3201 et
2423 3145 2743 3205 immanem

536 3235 779 3286 ventum
807 3228 1061 3293 Notum,
1090 3225 1281 3282 sabuli
1320 3241 1558 3281 acervos
1585 3242 1782 3279 secum
1809 3223 2232 3296 abripientem3
2276 3222 2490 3296 quibus
2515 3223 2607 3281 ini
2633 3226 2740 3283 ob-

536 3307 678 3374 ruti,
706 3306 811 3364 tali
840 3305 1017 3361 modo
1044 3303 1447 3361 internecione
1473 3301 1800 3376 periissent.
1865 3301 2172 3359 Ammonii
2201 3301 2440 3375 quidem
2469 3302 2584 3359 boc
2611 3322 2742 3361 nar·

536 3393 669 3443 rant
694 3383 973 3441 exercitui
1002 3381 1088 3439 illi
1116 3381 1409 3439 accidisse.
1617 3428 1622 3433 .
2143 3418 2150 3423 .

612 3468 707 3529 27.
748 3463 887 3524 Quo
912 3471 1177 3535 tempore
1210 3477 1347 3516 vero
1372 3458 1684 3534 Memphin
1713 3458 2032 3534 Cambyses
2074 3457 2360 3531 pervenit,
2391 3458 2742 3533 adparuerat

532 3542 837 3617 AEgyptiis
863 3539 1025 3613 Apis,
1054 3557 1231 3613 quem
1274 3538 1590 3612 Epaphum
1618 3538 1812 3595 Groeci
1852 3544 2086 3593 vocant.
2167 3534 2288 3597 Qui
2331 3538 2430 3594 ubi
2475 3550 2742 3613 repertus

534 3629 643 3689 est,
676 3620 959 3677 continuo
995 3617 1286 3694 AEgypffi,
1322 3617 1690 3673 vestimentis
1732 3616 1922 3673 induti
1969 3612 2358 3688 pulcerrimis,
2387 3615 2448 3671 in
2492 3617 2742 3675 lautitiis

532 3707 719 3758 erant.
758 3700 924 3762 Quos
944 3696 1069 3753 haec
1086 3703 1329 3772 agentes
1354 3695 1722 3769 conspicatus
1748 3694 2090 3767 Cambyses,
2114 3709 2348 3766 prorsus
2373 3694 2741 3763 existimans,

532 3778 693 3853 quod
732 3777 857 3851 ipse
896 3776 1053 3833 male
1092 3792 1215 3831 rem
1255 3774 1554 3849 gessisset,
1581 3791 1654 3831 eo
1695 3773 1858 3829 laetos
1893 3772 2026 3827 iuos
2069 3770 2218 3827 festa
2253 3771 2378 3829 hoec
2415 3773 2738 3843 celebrare,

534 3856 838 3931 proefectos
866 3855 939 3911 ad
980 3873 1042 3911 se
1068 3860 1236 3909 vocat
1274 3852 1477 3925 urbis;
1523 3870 1592 3909 ex
1629 3851 1852 3923 eisque,
1886 3850 1986 3906 ubi
2023 3846 2086 3905 in
2125 3860 2508 3922 conspectum
2554 3852 2740 3927 ipsius

532 3952 767 4007 venere,
792 3930 1023 4007 quaerit,
1050 3939 1241 3997 “-cur,
1272 3948 1333 3986 se
1360 3931 1520 4004 prius
1548 3929 1810 4002 Memphi
1832 3936 2120 3993 versante,
2139 3928 2286 3983 nihil
2317 3930 2431 3985 tale
2461 3930 2740 3989 fecissent

536 4020 581 4045 “
607 4012 919 4087 AEgyptii3
950 4019 1012 4067 at
1044 4008 1221 4075 nunc,
1238 4026 1423 4083 quum
1450 4009 1666 4064 adisset
1689 4025 1911 4082 magna
1935 4006 2224 4063 exercitus
2251 4016 2416 4079 parte
2439 4009 2662 4067 amissa
2684 4012 2736 4065 ?’'

535 4087 648 4149 Cui
676 4091 762 4147 ilii
790 4088 1161 4163 respondent,
1190 4095 1231 4119 ‘¹
1258 4088 1433 4143 deum
1464 4086 1576 4143 sibi
1607 4086 1966 4160 adparuisse,
1991 4086 2094 4158 qui
2119 4102 2193 4141 cx
2229 4086 2424 4143 multo
2451 4087 2734 4162 temporis

530 4175 576 4203 “
606 4168 917 4227 intervallo
944 4167 1219 4242 adparere
1254 4165 1598 4225 idemtidem
1623 4174 2001 4234 consuesset,
2047 4172 2130 4231 et,
2159 4163 2396 4238 quando
2431 4164 2730 4243 adpareat,
