2925 4992
950 302 1564 387 MRLPOMRNE.
1771 314 1780 325 ·
2027 302 2032 309 ·
2243 311 2358 373 177

169 469 207 494 “
230 460 459 529 {icimur
500 462 611 537 ipsi
648 462 1126 539 minuimurque3
1172 472 1251 529 et,
1278 462 1411 519 illos
1452 465 1502 521 si
1541 462 1942 530 interficimus,
1983 464 2356 538 paucioribus

170 548 203 573 “
230 542 433 599 deinde
480 542 919 615 impet-abimus,
1000 542 1157 599 Mihi
1202 542 1455 607 videtur,
1491 544 1724 599 omissis
1775 544 1956 599 hastis
2001 552 2061 598 et
2101 544 2354 617 sagittis,

168 627 204 651 “
226 638 705 695 unumquemque
734 628 999 677 nostrum
1030 622 1241 677 debere
1280 622 1584 695 flagellum
1615 638 1844 677 sume-re
1872 622 2008 695 equi
2033 623 2145 688 sui,
2173 632 2352 694 atque

168 705 206 729 “
231 700 309 755 ita
332 700 611 755 adversus
633 702 781 757 istos
808 716 1063 774 pergere.
1095 735 1103 744 -
1144 702 1447 760 Quamdiu
1481 718 1584 757 nos
1611 700 1882 757 viderunt
1911 718 2072 757 arma
2116 710 2352 774 gestan·

168 782 201 808 “
225 786 329 843 tes,
354 778 579 833 similes
604 796 728 834 esse
754 786 1020 833 nostrum
1050 785 1107 833 et
1136 796 1211 833 ex
1235 778 1526 833 similibus
1557 798 1618 834 se
1643 782 1872 853 genitos
1901 786 2180 852 putarunt
2205 797 2222 833 ι
2247 780 2352 853 qui

166 862 202 886 “
224 858 269 911 si
295 874 397 913 nos
426 857 681 913 viderint
708 874 1007 913 armorum
1034 858 1165 912 loco
1196 858 1441 931 flagellis
1485 860 1824 924 insti-actm,
1853 855 2190 931 intelligent
2227 876 2349 913 ser·

165 941 199 966 “
230 953 325 991 vos
360 954 421 992 se
450 954 581 992 esse
606 946 877 1007 nostros3
922 944 983 992 et
1008 936 1365 991 conditionis
1392 953 1518 993 suae
1541 937 1776 1005 conscii,
1803 954 1910 991 nos
1951 955 2070 991 non
2099 938 2347 994 sustine·

164 1019 199 1043 “
222 1014 418 1071 bunt.’'

226 1100 275 1149 4.
316 1094 463 1149 Haec
490 1095 595 1151 ubi
624 1095 973 1150 audiverunt
1000 1090 1250 1167 Scythae,
1276 1094 1481 1150 effecta
1505 1095 1824 1151 dederunt:
1869 1102 1930 1150 et
1958 1095 2064 1161 illi,
2093 1094 2348 1167 perculsi

161 1170 320 1238 facto,
348 1173 575 1229 omissa
612 1190 833 1247 pugna,
862 1172 1065 1247 fugam
1114 1175 1429 1246 arripuere.
1511 1174 1604 1231 lta
1629 1166 1872 1247 Scythae,
1903 1174 2056 1229 Asiae
2097 1175 2346 1247 imperio

157 1247 329 1321 potiti,
356 1269 683 1326 rursusque
708 1272 743 1307 a
767 1251 963 1308 Medis
990 1247 1177 1321 ejecti,
1206 1270 1375 1307 suam
1404 1253 1463 1307 in
1492 1262 1707 1307 terram
1733 1254 1848 1309 isto
1873 1252 2054 1307 modo
2079 1252 2298 1309 rediere
2325 1275 2340 1309 ε

156 1345 315 1403 eaque
340 1348 557 1387 caussa
598 1348 793 1403 poenas
820 1332 897 1387 ab
932 1330 1049 1385 illis
1092 1346 1323 1387 sumere
1350 1331 1596 1405 cupiens
1623 1330 1864 1397 Darius,
1891 1332 2212 1387 exercitum
2237 1332 2342 1389 ad·

155 1423 337 1465 versus
358 1426 461 1465 eos
492 1410 801 1465 contraxit.

222 1490 270 1544 5.
314 1488 629 1551 Scin-uns,
658 1500 727 1543 ut
754 1489 865 1560 ipsi
890 1488 1079 1555 aiunt,
1108 1506 1256 1563 gens
1284 1497 1419 1547 sunt
1452 1490 1774 1547 novissima
1797 1491 2066 1546 omnium
2096 1513 2108 1546 :
2155 1492 2338 1565 origi-

155 1580 387 1639 nemque
410 1568 614 1642 gentis
646 1568 795 1623 hanc
820 1567 1001 1622 fuisse
1026 1577 1282 1625 narrant.
1322 1570 1590 1625 Primum
1618 1571 1920 1625 hominem
1945 1571 2004 1624 in
2039 1569 2139 1624 illa
2165 1569 2339 1637 terra,

148 1660 263 1715 quae
286 1647 513 1703 deserta
546 1655 691 1701 tunc
715 1646 943 1710 fuisset,
972 1656 1181 1703 natum
1208 1664 1357 1717 esse,
1390 1649 1488 1701 cui
1537 1666 1751 1703 nomen
1788 1646 1966 1702 fuerit
1993 1648 2334 1721 Targitaus.

148 1722 327 1793 Hujus
351 1724 625 1799 'l‘argitai
648 1734 913 1796 parentes
940 1725 1121 1781 fuisse
1144 1726 1335 1789 aiunt,
1366 1744 1574 1799 parum
1603 1728 1744 1781 mihi
1777 1726 2076 1783 credibilia
2100 1744 2340 1783 narran-

152 1808 245 1867 tes,
270 1804 429 1859 aiunt
474 1822 625 1859 vero
662 1804 889 1876 utique,
930 1803 1139 1860 Jovem
1186 1813 1247 1859 et
1294 1805 1674 1879 Borysthenis
1716 1802 1882 1860 fluvii
1923 1806 2123 1861 filiam.
2203 1806 2339 1863 Tali

152 1878 311 1953 igitur
332 1898 557 1956 genere
582 1892 779 1937 ortum
816 1888 945 1939 esse
967 1882 1317 1957 Targituum
1340 1901 1357 1937 z
1400 1884 1540 1939 h'uic
1579 1892 1776 1939 autem
1805 1883 1957 1939 filios
1985 1884 2168 1939 fuisse
2193 1895 2334 1951 tres,

151 1956 483 2032 Leipoxain,
514 1970 579 2016 et
606 1962 924 2033 Arpoxain,
950 1961 1381 2035 minimumque
1408 1972 1548 2018 natu
1579 1964 1886 2019 Colaxain.
1941 1962 2048 2017 His
2077 1981 2334 2039 regnan·-

150 2037 309 2103 tibus,
336 2040 407 2095 de
434 2040 593 2096 coelo
620 2040 859 2113 delapsa
885 2057 1063 2095 aurea
1086 2042 1505 2107 instrumenta,
1533 2051 1789 2097 aratrum
1817 2050 1876 2096 et
1907 2036 2128 2116 jugum
2155 2050 2216 2098 et
2243 2044 2333 2100 bi-

154 2132 377 2187 pennem
422 2128 483 2175 et
526 2110 810 2192 phialaitn,
840 2119 1121 2174 decidisse
1168 2120 1231 2174 in
1272 2116 1601 2193 Scythicam
1653 2132 1884 2175 terram.
1965 2122 2046 2177 Et
2094 2122 2333 2179 illorum

152 2206 276 2252 natu
313 2199 673 2263 maximum,
703 2198 807 2271 qui
844 2198 1073 2271 primus
1112 2200 1531 2271 conspexisset,
1557 2200 1798 2273 propius
1831 2200 2204 2255 accedentem
2237 2218 2334 2257 ca·-

150 2287 265 2343 pere
288 2276 395 2331 ista
422 2277 719 2345 voluisse3
764 2277 889 2341 sed,
918 2294 991 2331 eo
1018 2276 1347 2341 accedente,
1372 2296 1588 2333 aurum
1615 2276 1838 2333 arsisse.
1883 2278 2020 2335 Quo
2045 2278 2332 2351 digresso,

152 2356 431 2410 accessisse
459 2356 739 2421 alterum,
768 2355 1050 2411 et·itide1n
1076 2356 1281 2411 arsisse
1309 2372 1540 2413 aurum.
1620 2356 1752 2412 Hos
1779 2356 1962 2429 igitur
1987 2357 2198 2411 ardeus
2225 2370 2328 2413 aui-

150 2446 259 2486 tum
296 2435 639 2506 repudiasse
658 2458 673 2502 3
720 2434 1033 2489 accedente
1072 2450 1213 2489 vero
1254 2442 1401 2489 natu
1435 2436 1690 2490 minimo
1733 2434 1911 2490 fuisse
1951 2434 2332 2500 exstinctum,-

148 2506 395 2584 huncque
436 2512 591 2569 illud
630 2512 876 2568 domum
916 2530 1085 2567 suam
1126 2512 1476 2568 contulisse:
1519 2531 1634 2586 qua
1673 2530 1736 2569 re
1771 2512 2090 2579 intellecta,
2119 2513 2333 2571 fratres

150 2582 375 2655 majores
404 2592 567 2647 ultro
594 2592 934 2647 universum
966 2606 1218 2665 regnum
1244 2592 1496 2647 minimo
1526 2600 1662 2649 natu
1693 2592 2010 2647 tradidisse.

212 2670 263 2723 6.
299 2668 436 2731 Jam
460 2689 497 2725 a
528 2670 817 2742 Leipoxai
846 2669 1223 2744 progenitum
1250 2688 1375 2725 esse
1414 2672 1586 2727 aiunt
1625 2672 1792 2726 illum
1837 2671 2178 2743 Scythicum
2219 2691 2326 2744 po·

146 2745 346 2815 pulum,
372 2750 473 2821 qui
502 2748 791 2806 Aucliatae
815 2756 1137 2805 vocantur:
1186 2767 1221 2802 a
1248 2750 1443 2804 medio
1466 2768 1608 2805 vero
1639 2749 1886 2805 fratrum
1915 2750 2046 2811 hos,
2075 2752 2178 2822 qui
2205 2753 2324 2807 Ca-

149 2822 257 2879 tiari
284 2836 340 2881 et
364 2828 643 2901 Traspies
665 2850 677 2883 ε
722 2844 757 2882 a
782 2832 923 2883 natu
944 2826 1197 2882 minimo
1214 2844 1375 2894 vero,
1396 2828 1720 2901 eodemque
1741 2840 1900 2901 rege,
1923 2829 2024 2899 qui
2046 2828 2329 2887 Paralatae

148 2904 527 2978 nominantur:
562 2906 857 2961 universis
886 2923 1025 2961 vero
1038 2920 1353 2961 commune
1383 2912 1598 2962 nomen
1621 2924 1746 2963 esse
1765 2903 2048 2972 Scolotoe,
2067 2906 2140 2963 de
2167 2912 2324 2985 regis

145 2984 371 3039 nomine.
455 2986 708 3059 Scythas
736 3002 877 3041 vero
903 2984 1095 3040 Graeci
1122 2986 1522 3041 nominarunt.
1906 3000 1910 3005 ·
2327 3006 2332 3015 ·

208 3066 259 3121 7.
298 3063 425 3119 Hac
466 3066 657 3139 igitur
696 3064 923 3139 origine
962 3080 1025 3118 se
1066 3070 1225 3118 ortos
1248 3064 1432 3119 ¹aiunt
1460 3064 1726 3139 Scythae:
1774 3082 1954 3119 annos
1995 3072 2218 3129 autem,
2249 3084 2323 3123 ex

146 3152 245 3209 quo
268 3148 459 3198 ortum
490 3142 809 3215 cepissent,
839 3160 875 3199 a
900 3144 1099 3213 primu
1118 3159 1254 3215 rege
1279 3142 1564 3217 Targitao
1589 3160 1774 3216 usque
1801 3144 1871 3198 ad
1900 3142 2068 3198 Darii
2095 3142 2155 3199 in
2181 3144 2323 3219 Sey-

147 3215 307 3274 thiam
332 3224 670 3287 transitum,
700 3222 759 3276 in
798 3221 1145 3276 universum
1172 3220 1403 3293 elapsos
1430 3221 1598 3277 aiunt
1637 3221 1802 3277 mille
1829 3222 2170 3288 admodum,
2201 3240 2324 3281 non

145 3298 391 3368 amplius,
418 3301 527 3357 sed
555 3300 715 3355 hunc
738 3300 933 3371 ipsum
962 3315 1255 3355 annorum
1282 3316 1614 3355 numerum.
1683 3298 1920 3357 Sacrum
1949 3310 2148 3357 autem
2175 3301 2324 3359 illud

145 3388 325 3432 aurum
366 3379 717 3436 custodiunt
756 3377 959 3447 Reges·
994 3394 1231 3433 summa
1268 3396 1440 3446 cura3
1488 3388 1546 3434 et
1585 3383 1902 3452 quotannis
1940 3381 2322 3445 conveniunt,

143 3452 443 3520 majoribus
494 3456 792 3513 sacrificiis
831 3454 985 3517 illud
1018 3456 1347 3529 splacantes.
1424 3458 1762 3529 Dicuntque
1805 3459 2056 3531 Scythae,
2101 3459 2150 3513 si
2189 3462 2324 3533 quis

143 3527 285 3587 festis
310 3534 425 3592 illis
446 3536 659 3593 diebus
688 3552 899 3591 aurum
926 3535 1041 3591 hoe
1064 3542 1273 3591 tenens
1290 3535 1714 3592 obdormiverit
1738 3537 1852 3592 sub
1873 3538 1990 3604 dio,
2011 3538 2168 3593 hunc
2197 3556 2320 3597 non

144 3612 441 3688 transigere
470 3615 641 3669 illum
674 3632 898 3670 annum
919 3637 935 3684 3
982 3613 1061 3669 ob
1086 3630 1333 3687 eamque
1372 3631 1608 3671 causam
1629 3615 1790 3671 dono
1813 3612 1867 3670 ei
1895 3614 2018 3671 dari
2057 3625 2318 3683 tantum,

144 3698 406 3756 quantum
446 3692 549 3749 ille
574 3710 693 3749 uno
720 3693 815 3749 die
855 3710 1009 3765 equo
1040 3701 1247 3747 vectus
1284 3694 1590 3749 circumire
1629 3694 1934 3767 potuisset.
1989 3696 2216 3755 ·Quum
2245 3696 2322 3752 sit

143 3774 319 3825 autem
348 3772 549 3845 ampla
570 3780 741 3837 terra,
758 3772 873 3827 tria
900 3788 1087 3845 regna
1110 3771 1279 3827 aiunt
1296 3772 1580 3829 Colaxain
1607 3772 1742 3829 filiis
1765 3774 1886 3829 suis
1913 3774 2334 3841 constituisses
2431 3830 2434 3835 ,

141 3856 201 3897 ex
220 3846 405 3921 eisque
431 3868 623 3907 unum
656 3868 907 3925 regnum
934 3850 1141 3907 fecisse
1164 3851 1514 3917 maximum,
1541 3852 1602 3907 in
1640 3868 1758 3925 quo
1781 3868 1990 3907 summ
2019 3852 2166 3906 illud
2191 3868 2316 3907 ser-

142 3928 307 3981 vetur.
382 3929 537 3989 Quae
558 3930 923 3987 locaversus
953 3929 1409 4001 septentrionem
1440 3931 1552 3985 sita
1590 3938 1726 3987 sunt
1765 3946 1938 4001 supra
1963 3946 2062 3984 eos
2091 3930 2192 4001 qui
2217 3946 2334 3987 sus·

141 4000 369 4066 periotes
400 4008 657 4080 Scythiae
682 4016 877 4081 partes
904 4008 1201 4073 incolunt,
1228 4024 1299 4063 ea
1324 4009 1572 4064 ulterius
1605 4009 1849 4081 spectari
1877 4015 1980 4063 aut
2017 4011 2320 4083 peragrari

143 4090 243 4138 nou
263 4098 430 4154 poss-e
452 4087 647 4153 aiunt,
686 4093 923 4161 propter
944 4084 1181 4141 diffusas
1206 4085 1474 4159 plumas:
1519 4086 1736 4160 plumis
1757 4086 1914 4144 enim
1937 4094 2230 4147 et‘terram
2253 4100 2316 4147 et

141 4168 309 4217 aerem
336 4180 459 4222 esse
484 4165 815 4241 oppletum,
844 4164 1053 4241 hisque
1076 4164 1385 4223 ³ntereludi
1412 4172 1804 4241 pmspectum.
1887 4171 1890 4173 ’

1188 4246 1227 4301 2
1255 4262 1291 4301 A
