2925 4992
1067 309 1582 372 POLYMNIA.
2312 314 2427 371 311

214 474 558 539 adhibuere,
587 470 822 547 cupiens
869 469 1116 545 quisque
1151 472 1452 546 proposita
1496 470 1651 528 dona
1695 486 1815 545 prae
1854 470 2077 527 caeteris
2102 469 2389 543 -obtinere
2409 494 2437 535 z,

213 565 390 629 atque
411 554 498 609 ita
531 551 760 610 Xerxes
779 551 984 623 copias
1024 553 1334 618 contraxit,
1362 550 1650 607 ut‘nullus
1677 556 1830 606 esset
1854 551 2208 607 continentis
2234 550 2425 619 locus,

220 634 326 709 qui
355 648 480 688 non
506 631 951 705 perquireretur.

295 716 396 769 20.
435 706 703 775 Etenim,
729 726 804 763 ex
841 724 960 781 quo
995 714 1230 781 recepta
1269 716 1392 763 erat
1438 706 1761 783 AEgyptus,
1786 714 2041 782 quatuor
2088 708 2258 763 solidi
2287 709 2433 765 anni

220 793 285 847 in
316 788 714 862 comparando
737 788 995 842 exercitu
1025 792 1082 841 et
1109 784 1284 842 rebus
1311 787 1596 843 exercitui
1622 788 1955 845 necessariis
1984 786 2232 843 insumti
2258 795 2430 857 sunt3

223 866 482 926 exeunte
533 881 672 921 vero
716 862 925 938 quinto
963 881 1120 921 anno
1159 864 1595 939 expeditionem
1642 864 1871 922 Xerxes
1910 865 2167 938 suscepit
2207 866 2436 941 ingenti

223 949 534 1022 copiarum
580 944 982 1009 multitudine.
1081 942 1218 999 Fuit
1262 944 1426 999 enim
1470 944 1594 1000 haec
1629 944 1919 1009 omnium,
1964 962 2109 1019 quas
2144 946 2435 1013 novimus,

221 1026 676 1101 expeditionum
700 1023 884 1097 longe
911 1024 1211 1091 maxima3
1257 1022 1404 1077 adeo
1445 1032 1510 1077 ut
1550 1021 1622 1078 ad
1663 1036 1794 1078 eam
1835 1023 1981 1078 nihil
2007 1023 2187 1078 fuerit
2215 1032 2317 1080 aut
2339 1024 2443 1081 illa

221 1122 407 1181 quam
437 1103 715 1159 adversus
745 1102 988 1175 Scythas
1011 1100 1249 1166 DariuS,
1279 1110 1383 1156 aut
1407 1118 1584 1175 quam
1610 1102 1719 1175 ipsi
1744 1102 1891 1157 olim
1920 1102 2147 1175 Scythae
2176 1118 2444 1177 suscepe-

213 1192 373 1249 rant,
401 1198 587 1256 quum
635 1180 984 1236 Cimmerios
1033 1181 1343 1253 persecuti,
1389 1178 1721 1235 incursione
1773 1180 1834 1236 in
1879 1179 2173 1236 Medicam
2220 1186 2434 1239 terram

219 1264 406 1329 facta,
459 1258 790 1315 universam
829 1258 1255 1333 propemodum
1303 1260 1661 1333 superiorem
1702 1260 1901 1315 Asiam
1946 1276 1983 1314 a
2030 1276 2093 1314 se
2140 1261 2442 1317 subactam

219 1344 581 1403 tenuerunt,
611 1355 786 1411 quam
811 1336 889 1392 ob
917 1354 1181 1393 caussam
1211 1337 1422 1393 deinde
1457 1339 1665 1394 Darius
1708 1338 1999 1395 ultionem
2028 1338 2101 1393 ab
2131 1339 2215 1391 eis
2240 1342 2445 1413 capere

219 1420 424 1476 voluit
445 1441 461 1473 ι
508 1425 612 1472 aut
637 1414 742 1472 illa
767 1432 943 1489 quam
972 1415 1191 1471 Atridae
1234 1416 1509 1472 adversus
1550 1416 1728 1472 Ilium
1776 1417 2052 1472 dicuntur
2080 1418 2399 1490 suscepisse
2422 1433 2441 1472 t
2524 1442 2541 1455 ·

217 1506 336 1557 aut
385 1512 570 1571 quam
615 1503 750 1551 ante
775 1490 1034 1565 Trojana
1059 1492 1327 1568 tempora
1351 1494 1509 1570 Mysi
1552 1502 1727 1567 atque
1752 1495 1961 1551 Teucri
2008 1495 2299 1565 fecerant3
2343 1496 2447 1569 qui

221 1594 340 1655 per
359 1576 700 1649 Bosporum
727 1574 786 1629 in
817 1572 1113 1651 Europam
1145 1575 1517 1647 transgressi,
1544 1573 1798 1630 Thraces
1824 1590 2031 1629 omnes
2062 1574 2444 1648 subegerunt,

220 1664 289 1713 et
315 1672 508 1731 usque
537 1652 608 1707 ad
640 1652 878 1708 lonium
907 1670 1068 1707 mare
1092 1667 1292 1707 versus
1325 1652 1713 1719 occidentem,
1742 1668 1945 1708 versus
1972 1654 2277 1709 meridiem
2304 1670 2444 1729 yero
2486 1700 2499 1709 .

217 1750 422 1809 usque
450 1732 526 1788 ad
552 1730 817 1787 Peneum
845 1730 1094 1786 fluvium
1124 1738 1528 1803 penetrarunt.

309 1818 410 1871 21.
455 1812 683 1867 Omnes
712 1810 803 1864 hae
827 1809 1252 1883 expeditiones,
1280 1818 1340 1865 et
1381 1810 1430 1865 si
1474 1827 1605 1884 quae
1630 1819 1767 1867 sunt
1797 1818 2006 1885 praeter
2046 1812 2149 1866 has
2194 1809 2325 1867 aliae
2366 1812 2447 1867 si-

225 1892 432 1957 miles,
463 1906 586 1945 non
618 1896 762 1943 sunt
788 1888 985 1963 dignae
1009 1904 1142 1962 quie
1167 1904 1303 1943 cum
1333 1888 1442 1943 hac
1470 1908 1589 1945 una
1631 1890 2026 1947 conferantur.
2106 1890 2256 1951 Quis
2285 1890 2449 1946 enim

216 1979 314 2027 est
330 1970 488 2027 Asiae
505 1966 782 2041 populus,
804 1983 980 2040 quem
1002 1983 1120 2022 non
1140 1966 1416 2022 adversus
1435 1968 1720 2025 Graeciam
1738 1969 1967 2025 Xerxes
1984 1969 2283 2025 eduxerit?
2314 1986 2447 2042 quae

225 2064 415 2123 aqua,
446 2063 578 2120 quae
607 2062 728 2101 non
757 2044 1056 2109 defecerit,
1086 2045 1161 2100 ab
1189 2046 1447 2101 exercitu
1475 2042 1601 2117 ejus
1630 2056 1823 2122 epota,
1852 2051 2108 2121 exceptis
2130 2043 2449 2118 majoribus

223 2128 476 2185 fluviis?
518 2125 632 2189 Alii
659 2124 875 2197 quippe
903 2125 1106 2197 populi
1133 2141 1308 2179 naves
1357 2126 1679 2198 proebuere,
1710 2128 1808 2184 alii
1833 2128 1894 2182 in
1929 2128 2252 2199 peditatum
2282 2132 2451 2182 erant

219 2204 557 2270 distributi,
587 2203 716 2258 aliis
759 2204 1078 2276 imperatus
1120 2211 1244 2258 erat
1285 2204 1603 2276 equitatus,
1633 2204 1762 2260 aliis
1803 2205 2039 2281 navigia
2068 2206 2451 2261 transvehen-

223 2286 324 2342 dis
351 2284 544 2358 equis,
573 2281 868 2355 simulque
896 2282 1162 2337 homines
1187 2282 1531 2353 militaturi3
1578 2282 1679 2337 alii
1712 2290 1899 2339 'naves
1939 2284 2143 2357 longas
2173 2282 2451 2355 pontibus

225 2362 528 2421 faciendis
551 2360 810 2435 praebere
836 2360 1202 2425 tenebantur,
1225 2359 1320 2415 alii
1351 2367 1749 2416 commeatum
1777 2361 1948 2417 simul
1980 2370 2039 2415 et
2068 2378 2266 2419 naves.
2472 2356 2525 2408 0

309 2446 415 2499 22.
455 2441 542 2496 Ac
570 2441 827 2513 primum
868 2439 1129 2512 quidem,
1156 2438 1464 2511 quoniam,
1493 2440 1595 2512 qui
1624 2440 1844 2513 priores
1884 2441 2035 2494 circa
2074 2440 2273 2495 Athon
2313 2448 2453 2497 sunt

223 2518 638 2583 circumvecti,
669 2518 1068 2573 calamitatem
1108 2527 1470 2589 acceperant,
1503 2514 1630 2587 jam
1672 2518 1805 2574 inde
1846 2536 1882 2573 a
1924 2518 2107 2574 tribus
2134 2519 2256 2574 fere
2283 2520 2453 2575 annis

220 2616 306 2657 ert
359 2598 620 2655 maxime
671 2603 1099 2671 praeparaverat
1153 2610 1284 2669 quae
1335 2596 1408 2651 ad
1460 2596 1661 2652 Athon
1708 2598 2062 2671 spectabant.
2172 2598 2327 2655 Nam
2378 2598 2455 2654 ad

223 2679 582 2741 Eleuntem,
611 2675 958 2731 Chersonesi
987 2674 1292 2748 oppidum,
1323 2674 1384 2729 in
1413 2675 1643 2733 ancoris
1684 2676 1917 2733 stabant
1953 2678 2255 2747 triremes5
2295 2675 2456 2734 unde

223 2754 762 2833 proficiscebantur
801 2754 1069 2809 homines
1110 2753 1182 2808 de
1221 2754 1489 2809 exercitu·
1516 2772 1590 2809 ex
1628 2755 1901 2810 omnibus
1943 2757 2311 2823 nationibus,
2352 2756 2457 2830 qui

225 2836 354 2893 sub
381 2832 634 2911 flagellis
659 2840 875 2889 terram
904 2831 1299 2905 perfoderent,
1329 2850 1582 2906 quorum
1604 2830 1667 2889 in
1694 2833 1893 2889 locum
1920 2834 2020 2889 alii
2045 2834 2293 2891 subinde
2320 2850 2457 2890 suc-

227 2913 530 2972 cedebant
549 2938 567 2983 3
613 2912 916 2968 fodiebant
956 2918 1156 2966 autem
1197 2912 1373 2966 etiam
1417 2911 1479 2965 hi
1523 2912 1626 2984 qui
1664 2913 1819 2967 circa
1852 2911 2047 2967 Athon
2080 2911 2453 2969 incolebant:

227 2992 524 3067 operique
544 2990 804 3065 praefecti
823 2998 985 3046 erant
1005 2989 1287 3055 Buba‘res,
1306 2989 1621 3063 Meg-ahazi
1640 2990 1819 3055 filius,
1839 2998 1897 3044 et
1914 2990 2243 3047 Artachaees
2252 2990 2455 3059 Artaei,

228 3084 502 3143 uterque
528 3072 770 3125 natione
795 3069 984 3124 Persa.
1064 3068 1174 3124 Est
1200 3068 1357 3123 enim
1385 3068 1561 3125 Athos
1584 3086 1755 3125 mons
1782 3066 1993 3143 ingens
2022 3088 2089 3125 ac
2123 3063 2361 3137 nobilis,
2389 3070 2457 3127 in

227 3166 410 3209 mare
437 3164 770 3214 excurrente,
793 3153 854 3203 et
879 3148 954 3203 ab
981 3146 1316 3203 hominibus
1339 3146 1655 3205 habitatus.
1724 3147 1840 3204 Ubi
1868 3164 2040 3204 mons
2063 3148 2122 3203 in
2146 3149 2459 3204 continen-

231 3240 369 3287 tem
415 3228 650 3295 desinit,
696 3223 1024 3301 peninsulae
1061 3226 1314 3300 speciem
1363 3225 1562 3293 refert,
1612 3233 1818 3301 estque
1851 3225 2103 3283 isthmus
2147 3226 2459 3285 duodecim

231 3310 371 3365 fere
413 3306 776 3362 stadiorum:
822 3313 914 3361 est
953 3312 1151 3361 autem
1193 3306 1532 3378 campestris
1572 3306 1669 3361 hic
1705 3307 1891 3372 locus,
1934 3306 2197 3361 tumulos
2237 3308 2461 3363 habens

234 3404 372 3445 non
411 3402 684 3459 magnos,
715 3402 752 3440 a
779 3384 926 3441 mari
954 3382 1380 3439 Acanthiorum
1422 3384 1495 3439 ad
1538 3384 1682 3440 illud
1720 3402 1881 3441 mare
1909 3385 2063 3457 quod
2102 3394 2309 3442 contra
2334 3385 2457 3442 Το-

233 3478 437 3524 ronen
467 3470 574 3519 est.
661 3464 730 3518 ln
758 3463 967 3519 eodem
996 3462 1106 3517 boc
1133 3462 1370 3529 isthm0,
1397 3464 1460 3518 in
1490 3480 1667 3536 quem
1699 3463 1907 3519 desinit
1938 3464 2144 3532 Athos,
2172 3464 2458 3540 oppidum

235 3552 341 3602 est
383 3543 560 3609 Sane,
588 3560 623 3598 a
649 3542 867 3597 Graecis
903 3541 1232 3597 habitatum
1264 3564 1278 3597 ε
1321 3558 1456 3614 quae
1483 3560 1619 3597 vero
1648 3542 1799 3597 intra
1824 3541 2017 3597 Sanen
2048 3540 2109 3597 in
2142 3544 2268 3617 ipso
2302 3544 2461 3599 Atho

237 3622 593 3681 incoluntur
618 3620 854 3695 oppida,
885 3638 1018 3693 quae
1043 3626 1188 3676 tunc
1215 3620 1391 3675 Persa
1417 3636 1491 3675 ex
1517 3622 1875 3676 continentis
1913 3621 2145 3694 oppidis
2186 3621 2462 3677 insulana

237 3704 448 3761 facere
471 3698 780 3775 adgressus
808 3708 917 3768 est,
949 3700 1039 3755 bae
1065 3706 1227 3765 sunt,
1253 3698 1456 3764 Dium,
1486 3699 1855 3773 OlophyxuS,
1881 3700 2239 3767 Acrothoon,
2267 3700 2460 3775 Thys-

239 3796 372 3848 sus,
405 3778 674 3835 Cleonae:
721 3779 813 3833 hae
841 3786 975 3834 sunt
1003 3776 1239 3851 oppida,
1269 3778 1483 3851 quibus
1514 3778 1697 3834 Athos
1726 3778 2151 3851 frequentatur.

327 3856 796 3923 23.0Fodiebant
835 3864 1035 3913 autem
1079 3855 1188 3911 hoc
1228 3854 1422 3911 modo,
1516 3856 1739 3913 Totum
1784 3867 2056 3921 tractum,
2102 3859 2253 3912 linea
2302 3864 2463 3915 recta

227 3936 420 4013 juxta
445 3934 656 3993 Sanem
680 3935 888 3991 urbem
909 3935 1105 4001 ducta,
1133 3935 1456 3991 secundum
1482 3936 1757 3992 nationes
1772 3936 1933 3991 distri
1944 3937 2191 3991 buerant
2216 3936 2465 3995 barbari.

233 4020 431 4084 (sum,
461 4016 562 4071 ubi
585 4012 711 4087 jam
742 4012 1022 4087 prqfunda
1046 4014 1165 4069 fuit
1187 4012 1368 4087 fossa,
1401 4013 1502 4070 alii
1527 4014 1604 4070 in·
1620 4016 1744 4071 imo
1769 4020 1989 4071 stantes
2014 4012 2336 4083 fodiebant,
2366 4016 2465 4073 alii

236 4112 393 4167 vero
419 4094 690 4157 effossam
717 4102 934 4151 terram
951 4092 1238 4149 ‘continuo
1258 4092 1392 4149 'aliis
1419 4094 1745 4163 tradebant,
1773 4093 1873 4167 qui
1897 4109 2143 4168 superne
2171 4094 2341 4153 scalis
2370 4096 2462 4153 in-
