2925 4992
1057 342 1385 402 ERATO.
2200 348 2319 405 295

161 504 304 561 hibet
341 504 568 578 specieS.
647 502 802 561 Nam
831 509 890 559 et
919 502 1218 581 asphaltus
1243 512 1303 560 et
1329 502 1413 559 sal
1457 510 1518 560 et
1552 504 1747 561 oleum
1776 518 1849 561 ex
1886 500 1993 560 illo
2030 500 2320 569 hauritur,

159 584 258 639 hoc
287 583 472 639 modo.
553 582 846 641 Hauriunt
885 598 996 655 ope
1025 582 1366 649 tollenonis,
1397 582 1494 638 cui
1534 598 1641 657 pro
1681 584 1859 640 situla
1898 580 2189 657 adligatus
2230 592 2321 639 est

159 660 466 717 dimidiatus
493 669 660 719 uter:
708 662 864 717 hunc
899 662 1234 716 succutiens
1275 660 1469 716 haurit
1506 661 1689 717 homo
1726 659 1787 718 id
1814 661 1971 736 quod
2010 662 2169 716 intus
2209 668 2319 727 est,

160 740 314 813 idque
338 740 394 795 in
421 741 738 797 cisternam
769 739 1062 807 infundit3
1105 756 1179 795 ex
1203 756 1322 812 qua
1347 756 1543 795 rursus
1584 740 1647 796 in
1690 740 1847 796 aliud
1886 737 2320 813 receptaculum

157 818 426 875 derivatur
449 820 572 874 haec
599 819 876 887 materia3
921 825 1096 889 atque
1131 818 1214 873 ita
1237 818 1524 893 triplicem
1568 818 1629 874 in
1662 818 1917 875 formam
1944 816 2319 874 convertitur.

157 894 226 951 Et
249 896 520 968 asphaltus
547 898 780 971 quidem
808 905 867 952 et
891 896 976 950 sal
1011 897 1278 970 protinus
1305 905 1726 967 concrescunt3
1774 898 1949 953 oleum
1974 913 2135 962 vero,
2165 896 2322 969 quod

155 974 457 1031 ‘diadinae-en
485 977 674 1032 Persae
699 983 931 1040 vocant,
959 975 1015 1029 in
1047 990 1150 1029 vas
1175 974 1503 1049 colligunt:
1546 983 1635 1032 est
1662 982 1859 1032 autem
1889 972 2036 1031 illud
2062 975 2320 1049 nigrum,

157 1061 206 1107 et
227 1070 451 1127 gravem
476 1055 699 1129 spirans
725 1054 982 1109 odorem:
1061 1052 1242 1108 Illum
1271 1052 1456 1129 igitur
1480 1052 1672 1110 locum
1700 1052 2131 1109 Eretriensibus
2158 1052 2323 1110 habi-

157 1132 374 1188 tandum
403 1152 502 1189 rex
529 1133 770 1189 tribuit:
801 1131 1180 1203 habitantque
1200 1132 1464 1187 eamdem
1496 1132 1797 1207 regionem
1820 1133 1892 1188 ad
1920 1148 2115 1188 meam
2138 1148 2325 1207 usque

159 1218 384 1277 aetatem,
411 1212 720 1286 pristinam
759 1212 1028 1285 linguam
1069 1219 1380 1267 servantes
1459 1209 1541 1267 Et
1581 1211 1705 1267 haec
1736 1218 1877 1268 sunt
1904 1210 2165 1285 quidem,
2193 1228 2325 1285 quae

155 1289 216 1342 ad
241 1289 592 1346 Eretrienses
615 1298 904 1364 specta-nt.

226 1370 344 1423 120.
383 1368 970 1425 Lacedaemoniorum
1006 1382 1146 1421 vero
1185 1366 1304 1422 duo
1345 1366 1532 1423 millia
1557 1366 1818 1424 Athenas
1860 1374 2152 1425 venerunt
2190 1376 2325 1444 post

155 1445 560 1518 plenilunium:
605 1455 664 1503 et
712 1447 774 1501 hi
819 1446 1080 1520 quidem,
1123 1462 1246 1501 rem
1291 1445 1483 1501 adhuc
1536 1446 1833 1522 integram
1879 1446 2323 1521 deprehensuri,

155 1531 301 1579 tanta
325 1526 412 1581 usi
439 1532 583 1581 sunt
623 1525 936 1591 celeritate,
961 1532 1028 1579 ut
1055 1524 1230 1579 tertio
1256 1523 1369 1589 die,
1397 1540 1575 1597 quam
1606 1522 1811 1599 Sparta
1836 1524 2235 1591 discesserant,
2264 1527 2329 1581 in

157 1604 327 1658 Attica
349 1604 584 1661 fuerint.
666 1603 800 1669 Sed,
829 1620 1015 1676 quum
1051 1609 1282 1675 peracto
1314 1598 1440 1672 jam
1480 1602 1682 1677 praelio
1710 1604 2101 1669 advenissent,
2129 1604 2327 1678 cupidi

157 1687 331 1737 tamen
360 1692 530 1738 erant
553 1682 764 1739 Medos
788 1680 1040 1738 videndi.
1106 1680 1333 1752 ltaque,
1363 1680 1780 1738 Marathonem
1800 1680 2071 1754 profecti,
2096 1694 2325 1756 specta-

159 1767 312 1815 runt=
338 1761 570 1827 deinde,
601 1760 943 1817 collaudatis
969 1755 1422 1815 Atheniensibus
1449 1766 1510 1815 et
1534 1776 1596 1815 re
1622 1760 1697 1816 ab
1720 1760 1813 1817 his
1836 1759 2109 1835 praeclare
2132 1769 2325 1838 gesta,

157 1836 373 1895 domum
403 1841 721 1896 redierunt.
2253 1845 2267 1857 “

229 1920 343 1973 121.
383 1919 560 1981 Quod
589 1934 725 1974 vero
751 1920 824 1974 de
851 1916 1258 1975 Alcmaeonidis
1281 1924 1543 1983 narrant,
1575 1916 1635 1974 id
1660 1916 1845 1973 miror
1867 1918 2135 1993 equidem
2159 1944 2175 1990 ς
2216 1936 2327 1979 nec

159 1996 281 2051 mihi
310 1994 642 2070 persuaderi
667 1998 875 2071 patior,
905 2014 1192 2070 umquam
1223 1994 1358 2052 illos
1385 1990 1571 2053 Persis
1600 2012 1676 2051 ex
1700 1998 2029 2071 composito
2054 1999 2325 2074 clypeum

155 2074 460 2132 sublaturos
501 2076 713 2143 fuisse,
742 2076 908 2149 quasi
947 2076 1272 2131 voluissent
1309 2082 1379 2131 ut
1417 2075 1529 2130 sub
1570 2074 1829 2132 barbaris
1870 2083 1929 2132 et
1968 2076 2079 2133 sub
2105 2078 2330 2153 Hippia

159 2162 328 2211 essent
362 2156 764 2212 Athenienses
841 2152 1078 2229 Quippe
1125 2154 1264 2210 satis
1308 2160 1559 2219 constat,
1601 2154 1784 2209 fuisse
1822 2152 1952 2211 illos
1994 2157 2185 2231 magis
2224 2166 2328 2215 aut

161 2240 294 2288 certe
335 2236 546 2307 pariter
587 2234 835 2289 inimicos
884 2240 1236 2307 tyrannorum
1278 2238 1452 2307 atque
1502 2230 1717 2287 Callias
1762 2230 1979 2299 fuerat,
2019 2232 2328 2309 Phaenippi

161 2308 320 2377 iilius,
358 2312 682 2387 Hipponici
723 2320 902 2386 pater.
983 2310 1201 2368 Callias
1239 2311 1422 2375 enim,
1457 2306 1685 2383 quoties
1719 2308 2059 2368 Pisistratus
2084 2310 2329 2371 Athenis

161 2389 341 2459 pulsus
383 2402 488 2459 ωε,
517 2408 682 2448 unus
720 2390 989 2446 omnium
1017 2388 1466 2447 Atheniensium
1506 2400 1683 2443 ausus
1711 2394 1835 2443 erat
1874 2388 2034 2446 bona
2060 2386 2185 2459 ejus
2226 2408 2329 2465 per

161 2468 433 2537 publicum
463 2484 796 2545 praeconem
826 2469 1183 2527 venumdata
1209 2484 1420 2535 emere,
1445 2466 1759 2541 omniaque
1784 2464 1898 2524 alia
1923 2469 1985 2527 in
2010 2468 2183 2526 illum
2210 2470 2327 2527 ini-

161 2547 451 2605 micissima
476 2549 853 2605 machinatus
878 2557 1022 2605 erat.

234 2630 351 2684 122.
397 2628 635 2704 Dignus
678 2633 767 2683 est
811 2634 1009 2683 autem
1055 2626 1152 2683 hic
1180 2626 1421 2694 Callias,
1450 2622 1619 2698 cujus
1659 2626 1862 2684 crebro
1900 2644 1937 2684 a
1974 2626 2331 2702 quibuslibet

165 2699 458 2763 honorifica
495 2706 721 2764 mentio
762 2704 903 2773 fiat3
949 2722 1133 2779 quum
1160 2706 1238 2762 ob
1275 2706 1387 2762 hoc
1425 2706 1643 2779 ipsum,
1673 2705 1825 2780 quod
1854 2704 1995 2774 dixi,
2022 2714 2328 2783 tamquam

164 2782 240 2837 vir
272 2787 540 2842 acerrime
580 2784 836 2840 libertati
882 2785 1124 2842 studens
1171 2784 1408 2858 patriae3
1453 2792 1585 2841 tum
1624 2784 1703 2840 ob
1742 2784 1803 2840 id
1842 2786 1998 2859 quod
2038 2786 2331 2863 Olympiae

166 2860 304 2927 fecit,
329 2862 431 2921 ubi
459 2880 748 2938 equorum
783 2869 959 2919 cursu
984 2864 1191 2931 victor,
1219 2860 1637 2938 quadrigarum
1678 2869 1878 2919 autem
1917 2862 2208 2921 curriculo
2236 2884 2330 2924 se-

166 2942 357 3002 cundas
383 2944 601 3009 ferenS,
631 2949 925 3016 reportata
951 2942 1128 2997 etiam
1167 2944 1326 3015 prius
1354 2940 1603 3015 Pythica
1626 2940 1894 3007 victoria,
1923 2942 1985 2997 in
2024 2944 2331 3003 universos

165 3016 373 3077 Graecos
419 3020 1034 3078 munificentissimum
1079 3039 1142 3076 se
1186 3020 1492 3094 praestitit3
1545 3018 1802 3094 denique
1844 3018 1923 3075 ob
1955 3021 2331 3095 ‚singularem

167 3094 576 3175 indulgentiam
605 3116 720 3173 qua
748 3099 1022 3155 adversus
1053 3108 1172 3156 tres
1199 3100 1347 3155 filias
1375 3116 1511 3155 suas
1548 3114 1695 3154 usus
1734 3104 1855 3153 est:
1900 3084 2139 3171 (suibus,
2164 3109 2329 3175 post-

166 3191 320 3248 quam
345 3180 572 3237 nubiles
603 3178 867 3243 fuerunt,
899 3194 1018 3233 non
1053 3176 1230 3233 modo
1257 3178 1454 3233 dotem
1484 3175 1643 3231 dedit
1667 3173 2330 3253 magnificentissimam,

166 3254 250 3309 sed
273 3265 328 3313 et
351 3258 462 3314 hoc
488 3257 710 3313 eisdem
741 3256 1107 3331 gratificatus
1133 3263 1241 3321 est,
1267 3263 1338 3312 ut
1373 3255 1686 3327 unicuique
1710 3272 1785 3311 ex
1822 3254 1939 3312 illis
1978 3263 2331 3330 potestatem

166 3331 327 3402 daret,
355 3337 635 3408 maritum
665 3335 798 3403 sibi,
827 3352 1002 3409 quem
1031 3335 1156 3409 ipsa
1181 3335 1377 3403 vellet,
1407 3332 1709 3409 seligendi.

235 3416 352 3469 123.
390 3416 584 3488 Atque
626 3413 834 3470 eodem
879 3414 1078 3478 mode,
1121 3423 1275 3469 certe
1314 3412 1469 3468 haud
1509 3412 1726 3478 minus,
1766 3422 2041 3489 tyrannos
2080 3414 2332 3475 oderunt

167 3488 573 3551 Alcinaeonidae.
655 3494 850 3554 Quare
901 3494 1104 3557 miror,
1129 3510 1260 3547 ·nec
1309 3492 1558 3548 admitto
1605 3490 1984 3561 calumniam,
2028 3494 2135 3549 hos
2184 3496 2332 3552 tales

167 3570 301 3627 viros
327 3580 560 3635 scutum
586 3570 924 3642 sustulisse3
972 3572 1073 3644 qui
1107 3577 1440 3626 constanter
1464 3569 1738 3643 fugerant
1762 3575 2072 3643 tyrannos,
2096 3580 2157 3628 et
2181 3590 2329 3645 quo-

166 3662 278 3703 rum
302 3668 472 3724 opera
498 3650 802 3725 tyrannide
831 3651 990 3705 exuti
1017 3657 1180 3705 erant
1197 3647 1591 3705 Pisistratidae.
1630 3646 1931 3723 Fuereque
1954 3650 2100 3706 adeo
2126 3650 2211 3715 hi,
2231 3657 2331 3707 ine

160 3720 350 3795 judice,
383 3731 575 3786 multo
623 3730 813 3805 magis
853 3728 1189 3784 liberatores
1233 3728 1619 3793 Athenarum,
1651 3744 1830 3800 quam
1874 3726 2231 3785 Harmodius
2271 3736 2333 3786 et

166 3802 535 3882 Aristogiton:
579 3808 663 3863 illi
707 3809 868 3863 enim
908 3806 1101 3863 occiso
1131 3806 1473 3880 Hipparcho
1512 3806 1929 3863 exacerbarunt
1968 3806 2219 3880 reliquos
2258 3822 2333 3864 ex

169 3880 540 3952 Pisistratidis,
569 3902 756 3959 neque
779 3886 961 3941 finem
989 3886 1258 3941 fecerunt
1283 3884 1518 3941 illorum
1546 3885 1875 3958 tyrannidi3
1920 3884 2335 3947 Alcmaeonidae,

168 3977 288 4017 vero
320 3966 626 4021 manifeste
664 3965 991 4020 liberarunt
1015 3964 1297 4030 AthenaS,
1327 3965 1376 4019 si
1418 3961 1657 4039 quidem
1696 3980 1831 4020 vere
1870 3962 1932 4018 hi
1966 3962 2199 4019 fuerunt
2224 3965 2331 4038 qui

165 4036 368 4113 Pythiae
419 4060 773 4118 persuasere,
821 4050 890 4097 ut
947 4041 1426 4099 Lacedaemonios
1470 4038 1706 4113 juberet
1754 4041 2001 4098 liberare
2048 4039 2331 4111 Athenas,

168 4122 634 4189 quemadmodum
661 4138 835 4196 supra
859 4121 1193 4195 expositum
1221 4128 1328 4177 est.
1542 4144 1547 4151 ·
2152 4138 2159 4143 ·

237 4202 352 4256 124.
393 4202 468 4259 At
511 4201 784 4269 fortasse,
811 4200 968 4273 quod
1010 4207 1416 4257 succenserent
1455 4198 1707 4273 quadam
1750 4199 1823 4257 de
1862 4216 2069 4258 caussa
2106 4197 2330 4277 populo
