2925 4992
1045 346 1559 409 POLYMNIA.
1818 378 1827 387 ·
2302 356 2423 415 3⁵¹7

209 510 324 587 qui
347 509 422 567 ab
449 506 570 567 illis
597 506 817 567 auxilia
838 516 1220 578 arcesserent,
1248 483 1723 585 quandoquidem
1768 508 1947 567 nimis
1992 503 2429 589 exiguusupso-

209 608 356 648 rum
383 604 666 647 numerus
691 594 848 645 esset
871 587 946 644 ad
973 588 1401 661 prohibendum
1427 588 1739 647 Medorum
1770 589 2109 647 exercitum.

297 672 437 725 203.
475 668 640 724 Dum
685 666 746 723 hi
775 668 858 725 ita
883 665 1246 735 consultant,
1271 665 1508 724 interim
1538 666 1762 723 Xerxes
1794 668 2051 742 equitem
2084 670 2249 725 misit
2288 687 2426 744 spe-

207 746 567 811 culatorem,
615 745 716 820 qui
755 752 818 801 et
856 762 1178 803 numerum
1218 764 1450 813 eorum,
1482 754 1541 803 et
1582 744 1726 819 quid
1769 745 2044 813 facerent,
2087 750 2431 821 exploraret.

216 826 506 883 Audierat
529 825 714 891 enim,
743 841 925 898 quum
953 824 1144 882 adhuc
1183 827 1248 882 in
1279 826 1587 882 Thessalia
1626 833 1798 891 esset,
1826 825 2140 883 collectum
2168 828 2435 885 hocloco

213 912 376 961 stare
400 905 690 979 exiguum
717 904 1058 970 exercitum,
1087 900 1257 975 cujus
1289 904 1471 963 duces
1494 905 1611 961 sint
1636 902 2069 961 Lacedaemonii
2108 914 2171 961 et
2209 906 2433 963 Leoni·

213 983 346 1054 das,
381 984 458 1041 ab
484 980 743 1039 Hercule
769 1000 961 1059 genus
985 982 1224 1040 ducens,
1303 982 1390 1039 Ut
1433 982 1507 1038 ad
1548 988 1739 1038 castra
1780 985 2022 1041 accessit
2066 1000 2263 1057 eques,
2290 1004 2433 1043 con·-

207 1062 538 1137 templatus
563 1069 678 1127 est,
707 1060 1108 1136 spectavitque
1133 1079 1252 1119 non
1275 1060 1473 1118 totu'm
1492 1061 1731 1136 quidem
1752 1062 2111 1132 exercitum3
2144 1082 2302 1131 nam,
2330 1066 2435 1138 qui

203 1142 372 1198 intra
399 1158 642 1197 murum
668 1146 854 1206 erant,
881 1156 1054 1213 quem
1085 1159 1122 1195 a
1147 1158 1210 1197 se
1237 1141 1627 1197 instauratum
1652 1139 1843 1197 Graeci
1870 1141 2301 1210 custodiebant,
2324 1144 2435 1201 hos

210 1220 556 1294 conspicere
587 1236 706 1275 non
737 1220 932 1293 potuit
959 1239 973 1274 ε
1019 1220 1330 1275 exteriores
1357 1236 1499 1275 vero
1524 1218 1878 1287 observavit,
1905 1220 2005 1293 qui
2032 1228 2169 1277 ante
2194 1236 2433 1279 murum

205 1300 534 1355 stationem
561 1298 876 1353 habebant.
955 1296 1138 1363 Erant
1165 1306 1366 1355 autem
1403 1306 1553 1355 tunc
1590 1297 1745 1354 forte
1784 1306 1949 1355 extra
1988 1316 2225 1356 murum
2252 1301 2431 1359 locati

206 1376 674 1435 Lacedaemonii.
754 1374 990 1433 Horum
1031 1376 1218 1453 igitur
1255 1377 1412 1433 alios·
1443 1376 1591 1433 vidit
1634 1378 2021 1453 gymnasticis
2068 1379 2431 1437 exercitatio-

205 1456 398 1513 nibus
449 1462 748 1521 vacantes,
795 1454 943 1511 alios
993 1472 1226 1513 comam
1267 1464 1585 1529 pectentes.
1664 1454 1917 1513 Miratus
1966 1472 2143 1529 eques
2196 1468 2427 1530 specta-

198 1534 447 1601 culum,
501 1534 744 1609 cog-nito
801 1530 1108 1591 hominum
1165 1550 1436 1600 numero,
1484 1534 1882 1608 omnibusque
1936 1535 2109 1591 rebus
2160 1536 2437 1593 adcurate

201 1614 531 1689 perceptis,
561 1612 730 1669 rediit
758 1630 862 1686 per
887 1612 1100 1679 otium,
1131 1614 1367 1669 nemine
1404 1621 1809 1687 persequente,
1835 1612 1934 1669 sed
1976 1613 2253 1670 omuibus
2292 1634 2431 1673 eum

201 1710 457 1769 prorsus
483 1693 814 1750 contemtui
841 1691 1209 1749 habentibuS.
1275 1690 1587 1758 Reversus,
1609 1690 1791 1749 Xerxi
1820 1700 2035 1749 cuncta
2052 1708 2185 1767 quae
2210 1694 2435 1752 viderat

209 1772 616 1829 renunciavit.
1203 1802 1214 1821 ι
1439 1795 1446 1803 ·

297 1856 438 1909 209.
481 1850 714 1911 Quibus
762 1849 994 1918 auditis,
1023 1846 1354 1922 conjectare
1391 1849 1618 1907 Xerxes
1646 1867 1771 1907 non
1812 1850 2007 1925 potuit
2048 1850 2105 1907 id
2158 1851 2312 1927 quod
2344 1868 2433 1909 res

203 1936 368 1996 erat,
399 1944 738 2003 comparare
765 1946 888 1989 sese
917 1930 1024 1985 hos
1052 1930 1321 1986 homines
1369 1930 1442 1985 ad
1488 1930 1851 2004 pereundum
1902 1938 2215 2004 postquam
2243 1933 2436 2005 perdi-

205 2009 448 2067 dissent
473 2008 584 2083 ipsi
609 2024 787 2082 quam
834 2006 1122 2083 plurimos
1163 2009 1531 2083 potuissent:
1578 2008 1702 2075 sed,
1731 2026 1915 2083 quum
1962 2010 2207 2067 ridicula
2245 2010 2436 2069 facere

203 2089 274 2145 ei
317 2085 678 2154 viderentur,
706 2088 1094 2145 Demaratum
1142 2088 1217 2143 ad
1261 2104 1323 2144 se
1369 2086 1623 2153 vocavit,
1650 2088 1937 2145 Aristonis
1976 2087 2191 2155 fliium,
2218 2090 2320 2163 qui
2368 2090 2433 2147 in

203 2166 428 2225 castris
470 2166 692 2233 aderat,
729 2182 1082 2243 cognoscere
1107 2184 1182 2223 ex
1209 2184 1282 2223 eo
1315 2168 1557 2242 cupiens
1596 2165 1737 2240 quid
1780 2169 1931 2223 'esset
1972 2168 2128 2241 quod
2170 2168 2435 2225 facerent

207 2244 682 2304 Lacedaemonii.
777 2244 858 2303 Et
899 2246 1022 2311 ilie,
1067 2244 1368 2303 “Audisti
1395 2245 1791 2336 me,'’inquit,
1836 2240 2019 2314 “jam
2066 2253 2221 2311 ante,
2251 2264 2437 2319 quum

203 2332 258 2359 ‘⁸
290 2324 572 2381 adversus
596 2324 887 2381 Graeciam
927 2323 1448 2397 proficisceremur,
1476 2324 1549 2379 de
1592 2324 1682 2378 his
1728 2322 1867 2378 viris
1902 2323 2325 2395 disserentem3
2374 2335 2437 2383 at

203 2409 262 2438 “
296 2402 442 2459 risui
483 2420 582 2459 me
626 2403 884 2459 habuisti
909 2418 1092 2476 quum
1132 2400 1406 2457 audiebas
1453 2399 1749 2458 dicentem
1792 2401 1901 2456 tibi
1944 2418 2266 2475 quemnam
2307 2367 2436 2461 ἔστι»,

209 2488 268 2515 “
293 2482 510 2538 barum
563 2498 758 2539 rerum
809 2482 1033 2537 exitum
1085 2480 1485 2555 praeviderem.
1576 2480 1733 2536 Mihi
1772 2480 1958 2551 enim,
2006 2480 2155 2547 Rex,
2200 2498 2435 2539 summa

209 2567 268 2594 “
302 2561 612 2619 contentio
653 2568 765 2626 est,
793 2561 1101 2617 veritatem
1145 2559 1423 2617 adversus
1468 2567 1527 2616 te
1566 2558 1774 2615 coiere.
1852 2558 2005 2615 Audi
2042 2548 2229 2634 igitur
2254 2561 2433 2622 etiam

203 2642 268 2675 ‘⁶
295 2656 478 2697 nunc.
555 2639 790 2696 Adsunt
803 2638 874 2695 hi
901 2636 1032 2705 viri,
1053 2638 1126 2695 de
1151 2638 1395 2695 introitu
1425 2639 1731 2694 nobiscum
1757 2639 2105 2712 pugnaturi,
2136 2648 2193 2695 et
2220 2639 2290 2696 ad
2322 2640 2433 2697 hoc

207 2724 268 2751 “
301 2736 368 2775 se
395 2724 761 2791 comparant.
844 2718 962 2775 Hic
987 2718 1142 2775 enim
1171 2717 1326 2791 apud
1355 2717 1490 2774 illos
1536 2730 1667 2773 mos
1716 2716 1985 2773 obtinet:
2032 2718 2273 2792 quando
2300 2720 2438 2777 vitae

203 2802 265 2831 a
296 2796 613 2854 discrimen
645 2802 802 2853 sunt
848 2796 1082 2863 adituri,
1129 2805 1274 2853 tunc
1317 2796 1513 2869 capita
1560 2802 1822 2851 comunt.
1926 2796 2087 2852 Scito
2137 2814 2321 2854 vero:
2382 2800 2435 2855 si

211 2881 265 2909 “
295 2878 498 2941 hosce,
532 2882 595 2932 >et
641 2889 738 2931 eos
787 2874 889 2949 qui
932 2876 1158 2950 Spartae
1198 2884 1468 2941 manent,
1503 2874 1843 2949 subegeris3
1890 2874 2091 2931 nulius
2134 2876 2285 2933 alius
2325 2878 2435 2934 bo-

213 2961 266 2989 “
294 2951 530 3012 minum
577 2955 830 3029 populus
871 2962 981 3020 est,
1011 2954 1113 3027 qui
1153 2953 1429 3009 adversus
1477 2959 1555 3015 te,
1611 2952 1764 3019 Rex,
1800 2968 2012 3008 manus
2060 2953 2265 3011 tollere
2302 2972 2429 3013 sus-

213 3040 266 3067 “
291 3034 501 3092 tineat.
581 3034 780 3091 Nunc
839 3032 996 3089 enim
1053 3050 1190 3089 cum
1249 3048 1434 3106 regno
1493 3031 1646 3088 inter
1698 3033 1935 3087 Graecos
1966 3032 2435 3106 'praeclarissimo

215 3118 269 3145 “
299 3110 414 3169 tibi
455 3129 544 3167 res
584 3120 696 3177 est,
726 3118 786 3167 et
835 3128 972 3167 cum
1011 3110 1152 3166 viris
1191 3107 1585 3167 fortissimi3.’'
1670 3110 1821 3172 Quae
1846 3109 2023 3176 dicta,
2054 3128 2237 3184 quum
2273 3129 2435 3187 pror-

211 3210 326 3249 sus
381 3187 740 3247 incredibilia
791 3188 976 3247 Xerxi
1030 3188 1387 3256 viderentur,
1435 3190 1649 3245 iterum
1702 3190 1994 3281 quaesivit,
2050 3197 2094 3221 “
2124 3207 2243 3263 quo
2298 3199 2435 3249 tan·-

209 3277 264 3304 ’ἴ
295 3270 436 3327 dem
465 3277 636 3343 pacto
663 3276 787 3326 tam
813 3269 1031 3343 exigua
1069 3269 1380 3325 hominum
1417 3285 1629 3323 manus
1665 3284 1774 3326 suo
1800 3268 2105 3325 exercitui
2096 3286 2435 3345 repugnare

218 3358 269 3385 “
301 3350 664 3423 poterunt?”
723 3346 806 3404 Et
858 3347 996 3404 ille:
1056 3346 1340 3405 “Rex!”
1393 3348 1610 3421 inquit,
1668 3354 1847 3423 “age
1897 3366 2129 3405 mecum
2176 3356 2245 3431 ut
2296 3366 2433 3407 cum

249 3428 546 3486 ‘homine
571 3425 859 3491 mendaci,
887 3425 1002 3481 nisi
1030 3424 1158 3482 hoec
1185 3425 1270 3482 ita
1293 3436 1577 3483 eventura
1601 3432 1741 3483 sunt
1766 3434 1836 3483 ut
1862 3444 1974 3501 ego
2002 3428 2189 3483 dico.'’

303 3510 442 3565 210.
487 3504 635 3561 Haec
659 3504 1017 3561 Demaratus
1063 3505 1258 3562 dicens
1294 3505 1481 3563 Xerxi
1520 3522 1642 3561 non
1670 3506 2261 3580 persuasit.1taque
2287 3524 2432 3581 qua-

213 3598 364 3645 tuor
389 3602 490 3643 rex
515 3583 837 3641 intermisit
877 3583 1022 3649 dies,
1065 3584 1296 3640 assidue
1341 3584 1476 3639 illos
1516 3600 1757 3657 sperans
1786 3583 1935 3659 fuga
1976 3602 2039 3639 se
2082 3595 2434 3659 recepturos.

213 3664 457 3729 Quinto
486 3680 633 3720 vero
653 3663 769 3729 die,
797 3678 984 3735 quum
1013 3661 1098 3718 illi
1131 3679 1248 3718 non
1281 3662 1671 3727 recessissent,
1699 3663 1801 3719 sed
1834 3680 1937 3737 per
1962 3663 2341 3733 obstinatam,
2364 3672 2435 3723 ut

213 3744 414 3804 Xerxi
437 3742 767 3806 videbatur,
793 3739 1224 3814 impudentiam
1245 3741 1752 3815 temeritatemque
1776 3750 2096 3807 manerent,
2126 3742 2307 3797 iratus
2332 3760 2435 3801 rex

215 3822 440 3883 Medos
467 3828 527 3878 et
553 3821 775 3877 Cissios
800 3819 1077 3875 adversus
1120 3819 1252 3875 illos
1297 3819 1479 3886 misit,
1510 3820 1647 3877 dato
1674 3821 1953 3877 mandato
1980 3832 2045 3876 ut
2070 3821 2237 3877 vivos
2262 3838 2432 3895 cape-

218 3908 354 3961 rent
379 3908 442 3958 et
467 3900 530 3957 in
558 3904 941 3972 conspectum
971 3906 1148 3955 suum
1190 3897 1563 3955 adducerent.
1644 3898 1731 3956 Ut
1768 3916 1909 3956 vero
1948 3900 2007 3955 in
2032 3900 2267 3955 Graecos
2295 3917 2433 3958 cum

219 3984 456 4055 impetu
497 3979 792 4035 irruerunt
826 3976 1012 4043 Medi,
1059 3976 1234 4034 multi
1274 3994 1348 4033 ex
1389 3977 1473 4033 eis
1519 3977 1811 4035 cecidere:
1854 3977 2067 4052 quibus
2107 3994 2435 4037 successere

219 4060 353 4125 alii,
376 4073 488 4116 nec
511 4074 578 4115 se
603 4072 890 4130 recepere,
915 4055 1184 4129 quamvis
1203 4072 1422 4131 magua
1439 4055 1607 4111 clade
1626 4063 1899 4131 accepta:
1942 4056 2433 4132 ostenderuntque

217 4138 490 4205 cuilibet,
517 4136 778 4193 maxime
803 4149 944 4189 vero
989 4134 1116 4208 regi
1155 4134 1287 4207 ipsi,
1327 4136 1545 4191 multos
1586 4132 1821 4209 quidem
1862 4135 2131 4197 homines
2156 4153 2304 4247 esse,
2332 4137 2445 4201 sed,

219 4234 448 4307 paucos
466 4214 650 4281 viros.
729 4212 989 4271 Praeliati
1013 4219 1154 4271 sunt
1179 4220 1380 4278 autem
1407 4222 1605 4275 totum
1630 4214 1807 4278 diem
2402 4232 2409 4240 ·
