2925 4992
1003 290 1392 357 POLYMN
1406 296 1513 355 [Aa
2210 300 2329 357 ³07

163 464 201 491 “
225 457 518 517 Persarum
543 456 811 517 salutem.
855 458 948 513 10.
967 456 1032 513 4.
1059 453 1160 511 Tu
1183 451 1370 545 igitur
1391 456 1517 513 noli
1542 456 1601 513 in
1634 462 1867 513 tantum
1894 453 1955 513 te
1980 452 2341 531 periocham·

165 544 201 591 ἕ*
227 537 390 595 nulla
415 546 664 613 urgente
701 537 1065 600 necessitate,
1093 536 1420 605 conjicere:
1465 536 1567 593 sed
1608 553 1705 591 me
1744 535 1902 592 audi.
1980 536 2155 593 Nunc
2194 531 2325 607 qui·

162 622 199 647 “
223 616 350 673 dem
371 616 576 677 horum
593 614 824 674 dimitte
851 614 1162 671 concilium
1187 635 1201 671 z
1247 623 1329 680 et,
1359 632 1418 669 re
1439 614 1753 689 diligenter
1769 623 1965 671 tecum
1986 613 2325 677 deliberata,

162 701 198 726 “
225 694 418 753 deinde
445 710 664 760 rursus,
693 695 744 751 si
779 692 888 751 tibi
915 693 1164 759 videtur,
1191 709 1452 767 propone
1478 712 1609 767 quae
1630 694 1859 767 optima
1898 692 2003 749 tibi
2030 690 2325 747 videbun·

162 780 197 805 “
224 783 328 829 tur.
403 774 636 831 Etenim
681 781 835 829 recte
881 771 1216 829 consultare
1262 773 1491 845 reperio
1534 774 1861 831 maximum
1906 788 2031 829 esse
2075 772 2337 829 luctuum·

159 858 194 884 “
215 852 362 909 Nam
385 852 563 909 etiam
589 853 640 908 si
665 862 870 909 contra
890 851 948 909 id
977 849 1134 925 quod
1165 850 1416 908 volueris
1443 851 1715 908 acciderit
1740 850 1981 923 aliquid,
2004 847 2189 907 nihilo
2212 849 2339 909 mi·-

159 935 198 962 “
222 948 322 987 nus
348 941 500 987 recte
525 931 966 994 consultaveris,
997 930 1236 985 fortuna
1261 946 1400 986 vero
1433 933 1805 1003 superaverit
1826 929 2179 987 consilium:
2224 928 2335 1001 qui

159 1014 195 1039 “
218 1026 342 1065 vero
356 1018 526 1085 turpe
541 1010 856 1067 consilium
874 1010 1049 1081 cepit,
1065 1008 1140 1075 is,
1158 1009 1207 1063 si
1226 1008 1464 1065 fortuna
1478 1009 1533 1065 ei
1548 1008 1821 1073 adfuerit,
1840 1008 2069 1067 lucrum
2087 1007 2337 1081 quidem

157 1093 193 1118 “
218 1086 512 1153 invenerit,
531 1088 718 1145 nihilo
739 1104 878 1143 vero
891 1089 1094 1145 minus
1117 1088 1340 1145 malum
1355 1088 1575 1162 ceperit
1590 1088 1923 1145 consilium.
1970 1092 2059 1145 10.
2078 1092 2131 1141 5.
2147 1085 2332 1145 Vides

156 1170 324 1241 “.quo
337 1176 508 1241 pacto
523 1167 850 1225 eminentia
875 1182 995 1239 prae
1015 1168 1238 1221 eaeteris
1264 1164 1540 1223 animalia
1558 1166 1811 1223 fulmine
1836 1167 2123 1239 percutiat
2138 1165 2335 1231 Deus,-

157 1249 192 1275 “
215 1262 311 1303 nec
328 1246 479 1303 sinat
494 1264 566 1303 ea
585 1245 886 1319 superbire
909 1266 922 1301 ε
952 1245 1196 1304 minutis
1215 1252 1416 1301 autem
1437 1262 1557 1301 non
1582 1244 1823 1303 invidet.
1864 1244 2043 1301 Vides
2062 1245 2239 1301 etiam
2258 1252 2333 1301 ut

155 1328 192 1354 “
214 1323 270 1379 in
285 1326 544 1383 maxima
565 1340 796 1397 semper
815 1324 1056 1381 aedificia
1073 1330 1133 1379 et
1153 1324 1210 1380 in
1231 1323 1545 1381 altissimas
1564 1323 1797 1381 arbores
1824 1324 1939 1379 tela
1954 1340 2061 1381 sua
2074 1319 2333 1394 conjicit.·

155 1408 190 1433 “
209 1402 372 1461 Amat
397 1405 556 1462 enim
585 1404 772 1469 Deus,
791 1403 1114 1459 eminentia
1139 1403 1340 1459 omnia
1363 1412 1665 1461 truncare:
1696 1404 1897 1477 itaque
1914 1404 2095 1459 etiam
2118 1403 2331 1479 ingens

156 1486 190 1512 “
218 1483 490 1541 exercitus
507 1482 714 1541 eadem
731 1483 956 1545 ratione
977 1481 1236 1555 perditur
1251 1480 1328 1537 ab
1343 1483 1575 1557 exiguo.
1616 1482 1869 1544 Quando
1884 1480 2047 1539 Deus
2068 1482 2187 1539 illis
2206 1498 2333 1539 tne-

157 1565 191 1591 “
216 1568 332 1617 tum
365 1569 470 1619 aut
499 1560 731 1617 fulmen
774 1561 1007 1626 incutit,
1043 1560 1288 1635 indigno
1318 1564 1499 1617 modo
1532 1569 1807 1634 pereunt:
1852 1577 1959 1618 nec
1992 1560 2152 1619 enim
2188 1560 2333 1619 sinit

157 1643 192 1670 “
214 1638 366 1697 Deus
390 1656 690 1716 magnum
715 1657 936 1714 sapere,
959 1647 1169 1712 praeter
1195 1656 1276 1705 se,
1293 1635 1477 1695 alium
1498 1656 1879 1714 quemquam.
1928 1644 2019 1695 10.
2038 1643 2092 1695 6.
2122 1638 2326 1705 Porro,

157 1723 192 1749 “
214 1718 586 1794 deproperare
630 1736 752 1775 rem
795 1734 1229 1793 quamcumque
1267 1720 1420 1791 parit
1461 1734 1705 1785 errores,
1733 1738 1769 1774 e
1804 1718 2019 1791 quibus
2062 1719 2333 1794 ingentia

159 1802 197 1827 “
221 1798 396 1855 solent
433 1799 660 1855 damna
697 1798 942 1855 existere
969 1796 1089 1852 z'in
1125 1797 1464 1855 cunctando
1505 1806 1701 1855 autem
1744 1798 1949 1854 insunt
1992 1797 2172 1865 bona,
2198 1814 2335 1871 qum
2400 1840 2409 1851 .

157 1880 197 1907 “
222 1878 266 1931 si
294 1893 404 1933 non
430 1877 709 1951 protinus
729 1876 1028 1949 adparent,
1045 1886 1200 1931 certe
1229 1894 1334 1933 suo
1360 1884 1623 1950 tempore
1642 1877 1851 1950 aliquis
1882 1879 2143 1949 reperiet.
2187 1876 2335 1933 Hoee

160 1959 197 1985 “
223 1954 411 2029 igitur,
435 1955 598 2021 Rex,
629 1956 740 2013 tibi
765 1956 1000 2012 suadeo.
1093 1960 1175 2010 ΙΟ.
1201 1960 1262 2018 7.
1303 1956 1399 2011 Tu
1423 1974 1587 2021 vero,
1616 1955 1853 2013 Gobriae
1894 1956 1976 2012 fili
2002 1956 2335 2022 Mardonie,

159 2038 196 2062 “
217 2034 402 2091 desine
427 2029 720 2105 injuriosa
746 2034 924 2091 verba
941 2030 1166 2103 jactare
1195 2035 1254 2091 in
1283 2033 1543 2101 Graecos,
1572 2036 1675 2109 qui
1700 2052 1825 2093 non
1855 2042 2151 2093 merentur
2178 2036 2335 2091 male

159 2116 192 2143 “
215 2112 416 2171 audire.
496 2110 662 2169 Nam
712 2112 946 2169 Graecos
1001 2113 1446 2177 calumniandO,
1494 2116 1688 2187 ipsum
1742 2132 1945 2187 regem
1994 2116 2215 2172 excitas
2259 2114 2333 2171 ad

159 2196 195 2221 “
221 2191 424 2249 bellum
449 2189 936 2265 suscipiendum:
979 2208 1156 2265 quem
1188 2194 1248 2248 in
1273 2192 1453 2247 finem
1482 2201 1547 2249 tu
1584 2192 1735 2249 mihi
1766 2194 1941 2249 etiam
1972 2192 2185 2249 videris
2210 2200 2335 2249 stu·

158 2274 192 2298 “
215 2270 366 2329 dium
387 2288 574 2328 omne
597 2270 912 2327 intendere.
991 2272 1070 2326 At
1097 2286 1174 2325 ne
1200 2270 1284 2325 ita
1309 2271 1450 2326 fiat!
1502 2272 1817 2327 Calumnia
1855 2271 2015 2327 enim
2058 2267 2333 2346 gravissi-

159 2352 197 2378 “
221 2366 376 2407 mum
414 2349 646 2407 malum
675 2358 800 2405 estz
845 2349 906 2405 in
929 2364 1048 2421 quo
1069 2347 1188 2403 duo
1231 2358 1370 2405 sunt
1401 2345 1502 2421 qui
1542 2344 1819 2418 injuriam
1858 2349 2142 2413 inferunt,
2172 2365 2333 2407 unus

159 2431 195 2457 “
213 2444 340 2485 vero
377 2429 476 2502 qui
532 2428 754 2502 patitur
794 2423 1082 2499 injuriam.
1167 2422 1450 2497 injuriam
1480 2428 1651 2485 -enim
1698 2428 1877 2485 infert
1920 2428 2334 2496 calumniator,

158 2508 192 2535 “
215 2504 344 2565 dum
367 2514 608 2565 accusat
633 2506 932 2563 absentem
957 2528 971 2563 ε
1019 2504 1197 2563 infert
1223 2524 1362 2562 vero
1387 2515 1448 2563 et
1473 2506 1571 2563 ilie
1602 2503 1899 2578 injuriam,
1926 2508 2029 2580 qui
2056 2507 2165 2563 sibi
2200 2524 2335 2580 per·-

159 2588 193 2614 “
215 2586 422 2643 suaderi
453 2586 686 2661 patitur
712 2586 1052 2658 priusquam
1079 2601 1202 2641 rem
1231 2585 1507 2643 adcurate
1534 2593 1895 2659 compertam
1923 2586 2152 2643 habeat.
2212 2586 2337 2649 Qui

159 2667 195 2692 “
221 2681 348 2721 vero
373 2666 546 2723 abest
573 2680 758 2737 quum
783 2665 1073 2722 malitiose
1099 2673 1422 2731 accusatur,
1451 2666 1503 2719 is
1530 2666 1747 2739 duplici
1778 2666 2050 2723 adficitur
2079 2661 2331 2736 injuria3

159 2745 192 2772 “
215 2743 454 2814 primum
483 2745 606 2801 hoc
633 2742 782 2816 ipso,
800 2743 954 2817 quod
983 2752 1289 2799 accusatur
1307 2745 1382 2800 ab
1409 2744 1616 2811 altero,
1636 2744 1847 2801 deinde
1868 2745 2022 2817 quod
2054 2746 2130 2801 ab
2154 2745 2339 2801 altero

158 2824 191 2850 “
215 2837 412 2893 pravus
441 2838 580 2881 esse
615 2822 995 2879 existimatur.
1081 2828 1170 2877 10.
1198 2828 1252 2879 ε).
1293 2822 1432 2887 Sed,
1461 2824 1509 2878 si
1548 2824 1793 2881 omnino
1834 2832 2066 2897 oportet
2110 2823 2337 2881 bellum

157 2902 192 2929 “
219 2900 340 2957 huic
369 2900 598 2977 populo
627 2900 866 2967 inferre,
893 2918 1025 2976 age,
1056 2916 1160 2955 rex
1189 2898 1312 2973 ipse
1353 2901 1412 2957 in
1439 2901 1677 2960 sedibus
1718 2912 1955 2963 maneat
1980 2902 2291 2962 Persarum
2314 2928 2333 2973 3

159 2983 193 3009 “
217 2980 328 3047 sed,
348 2982 410 3039 in
437 2979 640 3039 medio
665 2980 942 3053 depositis
973 2987 1238 3035 nostrum
1263 2980 1568 3053 utriusque
1593 2979 1812 3046 liberiS,
1830 2989 1895 3037 tu
1922 2981 2084 3037 solus
2109 2982 2339 3053 suscipe

163 3062 198 3087 ‘⁸
221 3061 646 3133 expeditionem
668 3084 686 3129 3
747 3058 958 3115 sumtis
1013 3066 1206 3115 tecum
1261 3075 1665 3132 quoscumque
1718 3059 1893 3115 duces
1942 3060 2240 3135 selegeris,
2279 3068 2343 3117 et

161 3141 197 3166 “
223 3141 462 3197 exercitu
503 3147 1047 3213 quantumcumque
1087 3136 1360 3193 volueris.
1439 3137 1624 3205 Tum,
1657 3138 1706 3193 si
1746 3156 1837 3195 res
1876 3139 1977 3205 ita,
2010 3148 2077 3195 ut
2118 3148 2195 3205 tu,
2226 3139 2337 3205 ais,

162 3218 197 3244 “
222 3218 338 3293 regi
374 3216 741 3281 successerit,
767 3216 1194 3273 interficiantur
1231 3216 1352 3273 mei
1391 3216 1584 3282 liberi,
1614 3226 1677 3273 et
1700 3235 1817 3291 ego
1850 3235 1984 3275 cum
2026 3213 2177 3275 illis!
2224 3218 2339 3286 sin,
2412 3256 2415 3261 -

159 3296 196 3323 “
219 3304 282 3353 ut
297 3314 416 3373 ego
438 3295 712 3371 praedico,
738 3293 858 3351 tuis
884 3294 1084 3351 liberis
1124 3298 1236 3351 hoc
1266 3295 1383 3361 fiat,
1413 3303 1475 3351 et
1507 3295 1619 3351 tibi
1652 3296 1787 3369 ipsi,
1814 3297 1862 3353 si
1884 3296 2125 3370 quidem
2150 3297 2338 3355 redie-

161 3376 196 3403 “
217 3374 320 3431 ris!
363 3375 544 3439 Quod
567 3374 617 3431 si
645 3374 793 3429 hanc
819 3373 964 3429 inire
989 3373 1390 3447 conditionem
1421 3392 1676 3441 recusas,
1704 3384 1765 3433 et
1801 3375 1985 3434 nihilo
2008 3376 2205 3433 minus
2232 3394 2341 3433 ex-

161 3454 197 3480 “
218 3454 452 3513 ercitum
493 3453 729 3511 duxeris
775 3451 1050 3509 adversus
1089 3452 1402 3518 Grmcinm,
1439 3454 1740 3511 audituros
1783 3472 1911 3511 esse
1946 3465 2193 3513 autumo
2232 3457 2340 3513 ho-

160 3532 196 3559 ⁸
219 3533 396 3591 mines
421 3534 528 3607 qui
553 3532 648 3589 hic
674 3530 860 3587 relicti
901 3536 1091 3611 erunt,
1117 3530 1523 3599 Mardonium,
1556 3533 1813 3607 ingentis
1855 3534 2207 3591 calamitatis
2233 3552 2341 3590 au-

159 3610 194 3639 “
214 3618 424 3669 ctorem
453 3611 672 3675 Persis,
699 3608 916 3665 alicubi
958 3609 1022 3664 in
1062 3617 1214 3666 terra
1240 3610 1689 3667 Atheniensium
1731 3620 1836 3667 aut
1862 3612 2340 3670 Lacedaemonio-

159 3690 196 3716 “
219 3701 378 3757 rum,
395 3690 512 3747 nisi
555 3689 709 3748 forte
746 3688 908 3761 prius
947 3688 1124 3745 etiam
1165 3689 1224 3744 in
1269 3688 1497 3753 itinere,
1528 3706 1564 3744 a
1600 3690 1843 3746 canibus
1886 3692 2343 3765 volucribusque

159 3768 194 3795 “
216 3765 390 3826 fuisse
427 3769 770 3834 laceratum,
801 3774 1108 3839 postquam
1137 3768 1412 3842 cognovit
1435 3769 1681 3841 quinam
1709 3770 1825 3825 siut
1863 3770 1951 3827 illi
1977 3770 2109 3837 viri,
2138 3780 2343 3829 contra

159 3845 194 3873 “
217 3862 358 3919 quos
385 3855 452 3907 tu
477 3848 604 3922 regi
627 3844 938 3919 persuades
963 3846 1488 3919 ut-expeditionem
1516 3847 1857 3921 suscipiat.”
2322 3880 2329 3887 -

161 3962 169 3969 -
229 3930 313 3981 11.
351 3926 504 3984 Haec
528 3934 837 3999 postquam
863 3924 1190 3981 Artabanus
1217 3924 1384 3991 dixit,
1415 3926 1504 3981 ira
1528 3944 1809 3985 accensus
1834 3926 2062 3986 Xerxes
2088 3925 2180 3981 his
2208 3943 2341 3985 ver·

155 3996 236 4057 bis
259 4004 596 4079 responditz
641 4009 685 4035 “
710 4003 1020 4069 Artabane,
1049 4010 1118 4061 tu
1143 4021 1204 4060 es
1231 4003 1410 4077 patris
1437 4006 1557 4062 mei
1582 4004 1761 4063 frater
1779 4022 1797 4059 ε
1835 4005 1949 4062 hoe
1971 4012 2031 4063 te
2057 4005 2341 4072 tuebitur,

156 4083 194 4107 “
218 4098 288 4138 ne
323 4084 598 4141 meritam
635 4078 930 4153 injuriosis
967 4082 1162 4139 verbis
1201 4082 1533 4141 mercedem
1573 4084 1839 4157 accipias.
1917 4083 2339 4146 Verumtamen

156 4160 193 4186 ‘⁸
216 4156 362 4220 hanc
389 4161 526 4233 tibi,
547 4177 733 4237 quum
773 4161 854 4219 sis
892 4160 1140 4237 ignavus
1167 4168 1228 4217 et
1269 4160 1547 4235 imbellis,
1576 4162 1967 4238 ignominiam
2008 4163 2241 4242 inflige,
2272 4173 2341 4223 ut

1183 4244 1224 4299 2
1253 4256 1290 4297 a
1316 4244 1354 4299 2
