2925 4992
978 334 991 383 :
1068 300 1525 381 basma,-
1619 368 1672 379 ⁸,
1965 364 1972 375 ‚
2273 302 2388 359 395

184 472 327 520 vero
366 456 541 513 sociis
591 474 710 514 non
752 457 870 517 nisi
911 472 1127 535 paucos
1168 459 1385 533 passim
1428 454 1660 533 selegit,
1688 455 1790 529 qui
1827 463 1932 515 aut
1954 456 2147 513 forma
2189 466 2388 518 essent

183 528 552 607 praestantes,
580 544 683 593 aut
709 554 745 593 a
772 536 983 610 quibus
1034 537 1256 594 clarum
1296 530 1531 610 aliquod
1574 535 1806 591 facinus
1849 535 2076 591 editum
2119 545 2387 595 noverat.

183 610 263 669 In
290 612 507 671 horum
548 623 747 672 autem
782 632 1031 672 numero
1067 614 1325 689 plerique
1362 632 1580 689 genere
1619 613 1812 670 Persae
1850 613 2038 680 fuere,
2067 623 2301 689 torques
2329 624 2390 673 et

183 692 445 747 armillas
470 702 807 767 gestante33
852 701 912 749 et
936 701 1069 769 post
1112 694 1216 749 hos
1246 692 1429 773 Medi.
1508 692 1696 747 Erant
1725 699 1922 749 autem
1949 692 2112 749 Medi
2139 712 2386 753 numero
2415 716 2422 723 ·

184 787 317 827 non
344 770 644 827 inferiores
673 768 879 839 Persis,
906 772 1006 829 sed
1052 770 1260 829 robore
1301 770 1393 829 his
1438 770 1735 827 cedebant.
1813 770 1909 828 Ita
1933 770 2153 827 factum
2183 780 2294 841 est,
2321 782 2390 831 ut

184 849 501 927 universus
526 853 793 906 exercitus
816 868 851 905 α
877 850 1169 906 Mardonio
1192 850 1440 917 selectus,
1473 849 1808 905 simul‘cum
1835 850 2153 923 equitibuS,
2178 870 2386 909 nume-

182 944 323 983 rum
351 935 747 985 trecentorum
778 928 1030 985 millium
1060 930 1396 1003 compleret.
2117 928 2121 932 ’

272 1010 406 1062 114.
448 1004 556 1063 Per
598 1007 755 1063 idem
790 1014 1043 1081 tempus,
1071 1024 1190 1081 quo
1227 1006 1575 1063 Mardonius
1623 1006 1912 1063 delectum
1945 998 2198 1065 instituit
2229 1005 2385 1065 mili-

183 1090 341 1150 tum,
372 1091 431 1139 et
454 1082 679 1141 Xerxes
704 1084 896 1141 adhuc
926 1086 984 1141 in
1013 1086 1315 1142 Thessalia
1356 1094 1505 1153 erat,
1534 1085 1812 1141 oraculum
1853 1098 1925 1140 ex
1953 1084 2196 1159 Delphis
2226 1086 2382 1143 adla-

181 1160 437 1219 tum'est
461 1162 944 1231 LacedaemoniiS,
966 1159 1185 1234 jubens
1225 1163 1357 1221 illos
1388 1162 1820 1237 'satisfactionem
1859 1162 1898 1217 α’
1931 1160 2112 1219 Xerxe
2152 1172 2389 1239 repetere

176 1259 288 1313 pro
315 1236 455 1297 cae‘de
482 1240 731 1299 Leonidae
746 1266 766 1309 ,-
803 1249 880 1309 et,
910 1243 1172 1315 quidquid
1210 1242 1305 1299 ill'e
1344 1244 1594 1309 dedisset,
1624 1242 1877 1313 accipere.
1957 1240 2165 1315 Itaque
2207 1262 2388 1319 ocyus

180 1336 522 1393 praeconem
549 1321 839 1377 miserunt
866 1317 1133 1394 Spartani
1160 1344 1174 1376 ε
1220 1322 1321 1394 qui
1347 1334 1414 1377 ut
1441 1319 1783 1377 universum
1822 1322 2142 1377 exercitum
2185 1332 2388 1380 nactus

180 1404 275 1455 est
304 1397 367 1453 in
399 1396 699 1455 Thessalia
736 1398 929 1454 adhuc
970 1400 1316 1466 haerentem,
1343 1400 1403 1454 in
1442 1406 1822 1472 conspectum
1849 1398 2062 1455 Xerxis
2088 1402 2388 1473 prodienS‚
2439 1416 2483 1451 ’ν

184 1477 321 1533 haec
348 1474 493 1533 dixit
518 1500 531 1533 :
578 1484 619 1509 “
644 1477 775 1533 Rex
798 1476 1108 1535 Medorum
1134 1476 1150 1533 Ξ
1194 1477 1631 1535 Lacedaemonii
1655 1486 1713 1533 et
1739 1476 2064 1533 Heraclidae
2084 1497 2157 1535 ex
2183 1479 2390 1553 Sparta

184 1562 229 1587 “
264 1551 729 1613 satisfactionem
756 1554 861 1611 abs
886 1564 945 1611 te
967 1557 1266 1629 postulant
1308 1556 1466 1631 quod
1509 1573 1706 1631 regem
1735 1555 1996 1628 ipsorum
2024 1556 2392 1625 interfecisti,

182 1641 225 1665 “
258 1633 365 1707 qui
392 1633 681 1691 Graeciam
708 1640 833 1689 erat
862 1634 1249 1691 servaturu5.”
1330 1634 1420 1691 Ad
1460 1634 1584 1691 haec
1608 1634 1814 1690 'ridens
1856 1652 1977 1701 rex,
2012 1642 2072 1690 et
2112 1633 2215 1691 diu
2243 1636 2394 1695 nihil

182 1712 568 1785 respondem,
617 1721 1182 1787 postrem0,·quum
1216 1713 1371 1769 forte
1412 1713 1668 1768 adstaret
1713 1712 1768 1767 ei
1815 1712 2185 1780 Mardonius,
2229 1715 2392 1773 hunc

182 1790 381 1865 digito
422 1798 757 1848 monstrans
785 1791 902 1846 ait:
950 1794 989 1824 ‘⁶
1016 1792 1223 1865 Itaque
1260 1788 1604 1848 Mardonius
1646 1790 1741 1847 hic
1779 1788 2231 1849 satisfactionem
2274 1784 2394 1851 ill'is

144 1871 150 1874 ’
187 1864 457 1949 “..dssbit’
487 1868 679 1943 qualis
709 1870 793 1926 eis
834 1869 1019 1944 digna
1063 1872 1209 1925 est.''
1260 1868 1373 1925 'Et
1410 1870 1627 1943 prae'cO,
1679 1870 1965 1945 accipiens
2011 1870 2258 1940 dictum,
2304 1890 2394 1931 re-

190 1964 401 2005 versus
427 1957 535 2005 est.
1344 1962 1349 1968 ·

277 2022 596 2083 115.'1nde
622 2026 872 2093 XerxeS,
898 2025 1210 2085 Mardonio
1239 2027 1301 2085 in
1326 2024 1633 2085 Thessalia
1657 2028 1878 2095 relicto,
1907 2030 2029 2103 ipse
2071 2030 2146 2087 ad
2192 2030 2393 2091 Helle·-

188 2114 479 2177 spontum
519 2106 837 2163 maturavit
864 2106 1021 2165 abire
1045 2115 1165 2164 :-et
1191 2106 1639 2181 quadragesimo
1675 2108 1882 2179 quinto
1923 2108 2016 2163 die
2056 2109 2125 2165 ad
2171 2108 2394 2181 locum,

186 2184 299 2239 ubi
340 2178 645 2255 trajecerat
682 2184 925 2251 fretum,
967 2182 1253 2259 pervenit,
1296 2186 1526 2241 nullam
1573 2188 1682 2255 (ut'
1707 2184 1788 2241 ita
1837 2184 2058 2254 dicam)
2109 2194 2396 2249 exercitus

186 2272 425 2337 partem
453 2261 513 2318 in
544 2262 1072 2319 Asiam·reducens.
1151 2263 1374 2319 Milites
1401 2265 1461 2320 in
1493 2262 1720 2328 itinere,
1748 2262 2101 2343 ubicumque
2129 2266 2396 2329 locorum

188 2348 391 2411 erant,
417 2348 478 2397 et
504 2342 657 2415 apud
698 2357 1101 2414 quoscumque
1125 2341 1414 2407 homines,
1445 2342 1658 2397 horum
1705 2340 1934 2397 Fructus
1985 2344 2270 2415 rapientes
2296 2365 2396 2404 co·-
2443 2394 2446 2398 .

185 2416 515 2478 mederant.
595 2419 792 2475 Sicubi
820 2419 971 2476 nihil
996 2420 1299 2477 fructuum
1338 2418 1719 2486 invenissent,
1744 2437 1988 2495 gramen
2013 2439 2046 2477 e
2075 2428 2226 2479 terra
2253 2442 2392 2495 ena-

189 2508 347 2568 tum,
380 2506 439 2555 et
478 2498 819 2572 decerptum
856 2498 1130 2556 arborum
1179 2499 1478 2565 corticem,
1506 2506 1565 2555 et
1604 2515 1678 2553 ex
1715 2497 2020 2555 arboribus
2062 2508 2183 2557 tam
2221 2504 2395 2563 cultis

188 2595 375 2652 quam
401 2576 779 2651 sylvestribus
805 2578 1083 2635 destricta
1118 2578 1618 2635 manducaverant
1657 2573 1822 2642 folia,
1853 2576 2111 2652 nihilque
2149 2580 2398 2655 relique-

190 2658 355 2722 rant,
382 2654 541 2713 fame
565 2656 647 2711 ita
672 2664 937 2731 cogente.
1016 2653 1106 2711 Ad
1133 2656 1255 2713 haec
1277 2658 1457 2729 pestis
1477 2663 1537 2713 et
1561 2655 1892 2729 dysenteria
1919 2658 2198 2715 invadens
2226 2680 2398 2719 exer-

189 2736 408 2801 citum,
435 2732 655 2791 multos
700 2736 759 2789 in
805 2735 1010 2790 itinere
1047 2734 1435 2791 interemerat.
1515 2733 1800 2807 AEgrotos
1837 2753 1975 2791 vero
2007 2738 2184 2794 etiam
2219 2739 2281 2795 in
2304 2740 2400 2798 iti-

192 2831 336 2887 nere
377 2808 688 2887 reliquerat
728 2832 849 2881 rex,
878 2812 1015 2869 dato
1042 2812 1397 2878 civitatibuS,
1426 2820 1496 2869 ut
1520 2814 1584 2869 in
1618 2828 1849 2885 quaque
1877 2812 2061 2879 erant,
2091 2819 2401 2891 mandato,
2432 2820 2436 2825 '
2467 2864 2470 2867 .
2514 2855 2527 2870 .

190 2902 260 2949 ut
289 2900 562 2948 curarent
599 2891 729 2948 illos
774 2893 1105 2965 alerentque
1129 2914 1141 2948 :
1186 2887 1271 2947 ita
1320 2891 1465 2947 alios
1517 2891 1577 2945 in
1623 2888 1950 2957 Thessalia,
1979 2893 2124 2949 alios
2177 2895 2244 2971 in·
2287 2900 2402 2957 Siri

190 2971 475 3037 Paeoniae,
502 2968 651 3027 alios
684 2970 749 3026 in
784 2966 1132 3027 Macedonia
1158 2970 1485 3043 reliquerat.
1564 2966 1655 3024 Ibi
1696 2969 1873 3026 etiam
1900 2965 2304 3046 antea,·'quum
2335 2978 2400 3037 in

197 3043 496 3107 Graeciam
548 3048 831 3116 tenderet,
875 3067 1112 3106 currum
1139 3045 1287 3105 Solis
1356 3049 1700 3123 reliquerat:
1746 3064 1922 3127 quem
1971 3066 2130 3105 nunc
2180 3051 2410 3115 rediens

194 3146 317 3185 non
344 3128 580 3203 recepit.
612 3123 619 3131 ’
659 3126 819 3185 Nam
844 3128 1101 3194 Paeones,
1131 3127 1235 3201 qui
1266 3126 1437 3185 illum
1477 3126 1805 3184 Thracibus
1834 3127 2205 3196 tradiderant,
2235 3150 2402 3207 repe-

193 3206 353 3263 tenti
379 3202 565 3263 Xerxi
592 3204 812 3273 dixere,
842 3224 1018 3281 equas
1046 3224 1079 3263 e
1106 3223 1320 3280 pascuo
1348 3214 1538 3279 raptas
1572 3222 1698 3262 esse
1724 3223 1760 3261 a
1787 3206 2402 3285 superioribus'Thra-

195 3286 370 3342 cibus
399 3281 555 3341 circa
580 3285 913 3359 Strymonis·
934 3284 1127 3342 fontes
1155 3284 1576 3341 habitantibus.
1725 3332 1729 3337 .
2049 3336 2066 3343 ..

284 3368 313 3419 1
328 3364 419 3420 16.
459 3363 691 3421 Ibidem
720 3382 821 3420 rex
845 3362 1203 3420 Bisaltarum
1222 3372 1280 3419 et
1304 3371 1474 3419 terrae
1498 3363 1872 3429 Crestonicae,
1897 3362 2118 3430 Thrax,
2148 3365 2408 3431 immane

193 3442 455 3517 patravit
496 3441 743 3499 facinus,
820 3442 1067 3499 Dixerat
1115 3440 1237 3508 ille,
1281 3460 1388 3498 nec
1414 3458 1478 3497 se
1502 3440 1657 3499 ultro
1681 3442 2046 3498 serviturum
2061 3440 2278 3513 Xerxi,
2301 3451 2402 3508 sed

194 3524 263 3578 in
288 3520 593 3593 superiora
630 3520 763 3577 loca
802 3518 863 3577 in
905 3528 1169 3578 montem
1206 3516 1538 3592 Rhodopen
1577 3537 1640 3576 se
1673 3528 1986 3594 receperat,
2015 3529 2076 3577 et
2101 3524 2238 3581 filiis
2279 3530 2402 3587 suis

195 3598 583 3657 interdixerat
610 3615 691 3655 ne.
711 3598 988 3657 adversus
1016 3598 1303 3655 Groeciam
1330 3599 1667 3655 militarent.
1747 3599 1825 3654 At
1859 3595 1970 3665 illi,
2001 3610 2194 3671 spreto
2221 3608 2404 3677 patris

194 3677 471 3752 imperio,
517 3677 643 3733 sive
694 3676 853 3751 quod
900 3676 1111 3751 cupido
1163 3673 1297 3732 illos
1346 3677 1658 3732 incesserat
1709 3674 1849 3733 belli
1891 3680 2216 3750 spectandi,
2264 3699 2404 3743 cum

194 3758 381 3817 Persa
402 3752 751 3813 militarunt.
831 3755 1148 3833 Postquam
1176 3772 1325 3811 vero
1355 3755 1501 3811 salvi
1544 3772 1774 3823 omnes,
1797 3772 1902 3813 sex
1926 3748 2192 3825 numere,
2219 3762 2404 3836 redie-

196 3841 360 3902 runt,
386 3832 591 3891 oculos
616 3834 700 3891 eis
728 3841 894 3907 pater
936 3831 1112 3891 istam
1138 3831 1219 3891 ob
1242 3832 1482 3907 culpam
1504 3834 1700 3891 effodit
1728 3856 1740 3891 :
1787 3842 1848 3893 et
1887 3834 1975 3915 illi
1996 3834 2230 3907 quidem
2249 3836 2407 3899 'hanc

197 3911 536 3972 mercedem
562 3910 955 3970 abstulerunt.
987 3974 995 3985 ⁸

284 3994 429 4055 117,
459 3988 656 4049 Persae
688 4005 832 4047 vero
868 3997 941 4049 ut
980 3996 1287 4067 peragrata
1313 3990 1564 4049 Thracia
1602 3990 1675 4047 ad
1715 3985 2022 4067 trajectum
2061 3992 2403 4073 pervenere,

196 4078 433 4147 quanta
452 4069 716 4127 maxima
738 4067 1034 4127 celeritate
1060 4075 1335 4144 poterant
1352 4068 1808 4144 Hellespontum
1836 4067 2089 4125 navibus
2115 4070 2405 4145 trajicien-

200 4160 290 4208 tes
317 4148 597 4225 Abydum
622 4148 957 4223 petierunt:
998 4148 1213 4209 etenim
1242 4154 1452 4221 pontes
1495 4166 1620 4207 non
1648 4146 1902 4223 amplius
1925 4154 2136 4209 stratos
2163 4148 2406 4215 invene-

1206 4228 1242 4284 3
1274 4226 1307 4281 ’Β
1337 4228 1375 4283 2
2143 4244 2152 4253 ·
