2925 4992
898 576 909 585 ,
1274 478 2098 594 ΗΕΒουοῪι
2523 598 2532 609 ,

878 657 2492 826 nls'ToRIARUM

1273 970 1564 1038 LIBER
1625 970 2107 1049 QUARTUS.

1200 1192 2169 1282 MELPOMENE.

590 1652 641 1703 1.
682 1622 963 1705 CAPTA
988 1645 1321 1717 Babylone,
1340 1641 1474 1717 jam
1511 1638 1790 1705 adversus
1817 1647 2066 1723 Scythas
2105 1647 2550 1722 expeditionem
2579 1650 2802 1711 Darius

578 1726 855 1799 suscepit.
934 1726 1138 1787 Quum
1166 1725 1323 1783 enim
1350 1726 1490 1781 viris
1527 1725 1756 1783 floreret
1783 1728 1940 1793 Asia,
1969 1736 2030 1783 et
2055 1745 2292 1802 magnae
2329 1728 2598 1785 redirent
2624 1748 2800 1805 vpecu-

582 1805 721 1869 nie,
752 1803 967 1877 cupido
1006 1804 1247 1860 incessit
1284 1804 1538 1861 Darium
1567 1822 1770 1877 poenas
1797 1806 2072 1861 sumendi
2107 1806 2184 1863 ab
2211 1806 2468 1879 Scythis,
2495 1810 2666 1881 quod
2693 1810 2800 1875 illi,

582 1882 913 1939 incursione
952 1882 1111 1937 facta
1152 1882 1215 1939 in
1260 1880 1557 1937 Medicam
1598 1890 1838 1948 terram,
1865 1892 1925 1939 et
1965 1885 2168 1957 praelio
2212 1885 2392 1941 victis
2429 1886 2800 1954 adversariis,

582 1960 804 2034 priores
846 1961 1081 2017 initium
1124 1955 1397 2015 fecissent
1434 1955 1808 2028 injuriarum.
1887 1961 2148 2031 Etenim,
2175 1970 2244 2019 ut
2263 1981 2446 2035 supra
2469 1965 2678 2032 docui,
2704 1984 2803 2039 per

578 2038 1023 2113 duodetriginta
1064 2054 1253 2095 annos
1278 2034 1506 2110 Scythae
1545 2040 1862 2110 superioris
1891 2042 2045 2097 Asiae
2085 2050 2400 2097 tenuerant
2439 2043 2796 2116 imperiumz
2897 2054 2899 2059 ·

578 2118 801 2191 quippe
843 2126 1245 2191 persequentes
1273 2116 1648 2183 Cimmerioe,
1678 2118 1998 2189 irruptione
2039 2120 2100 2175 in
2131 2119 2328 2175 Asiam
2375 2120 2554 2186 facta,
2590 2122 2800 2182 Medos
2897 2168 2899 2175 Α

580 2192 831 2269 imperio
882 2202 1187 2259 exuerant,
1238 2196 1341 2267 qui
1395 2202 1530 2249 ante
1585 2195 1932 2271 Scytharum
1984 2198 2298 2253 adventum
2357 2198 2800 2271 imperaverant
2898 2202 2899 2207 ’

580 2275 753 2331 Asiae.
833 2272 1075 2349 Scythas
1116 2282 1335 2339 autem,
1362 2281 1678 2347 postquam
1719 2282 1854 2331 octo
1895 2283 1956 2331 et
1993 2276 2206 2350 viginti
2247 2294 2430 2333 annos
2463 2278 2656 2337 domo
2693 2279 2797 2337 ab·
2897 2272 2899 2311 ³

580 2353 841 2419 fuerant,
862 2363 921 2409 et
950 2362 1069 2409 tam
1098 2352 1277 2427 longo
1301 2348 1608 2420 interjecto
1636 2362 1901 2425 tempore
1928 2354 1988 2409 in
2017 2355 2266 2426 patriam
2291 2365 2460 2411 erant
2483 2356 2799 2424 reversuri,
2898 2382 2899 2393 ¹

580 2434 811 2506 excepit
841 2450 957 2487 non
983 2432 1201 2495 minor,
1228 2448 1405 2505 quam
1430 2430 1704 2487 Medicus
1733 2431 1948 2497 fuerat,
1977 2432 2179 2487 labor:
2227 2433 2612 2493 offenderunt
2639 2437 2798 2496 enim

577 2519 985 2569 occurrentem
1012 2510 1122 2565 sibi
1152 2510 1472 2565 exercitum
1507 2508 1661 2565 haud
1687 2510 1995 2583 exiguum.
2045 2512 2278 2569 Scilicet
2303 2530 2523 2567 uxores.
2547 2511 2798 2589 Scytha.-

584 2607 739 2655 rum,
768 2590 911 2645 dum
953 2606 1053 2660 per
1080 2588 1329 2662 longum
1369 2587 1651 2658 temporis
1691 2589 1952 2660 spatium
1993 2589 2172 2645 domo
2211 2591 2455 2647 aberant
2497 2591 2634 2659 viri,
2663 2611 2798 2651 eum

582 2670 767 2728 nervis
796 2668 1127 2723 babuerunt
1154 2665 1665 2723 consuetudinem.

660 2750 717 2801 2.
760 2745 953 2801 Servos
992 2752 1189 2801 autem
1232 2752 1478 2799 cunctos
1520 2752 1820 2801 excaecant
1863 2745 2116 2820 Scythae,
2151 2747 2320 2803 lactis
2361 2766 2596 2816 caussa,
2625 2753 2800 2823 cuius

581 2833 732 2899 potu
756 2832 1027 2881 utuntur.
1106 2822 1433 2897 Emulgent
1456 2840 1598 2878 vero
1625 2824 1724 2892 *lac
1765 2824 1878 2881 hoc
1901 2825 2080 2880 modo
2105 2848 2117 2881 ε
2165 2825 2392 2882 fistulas
2417 2838 2674 2885 sumunt
2699 2848 2795 2887 os-

582 2920 733 2969 seae,
762 2903 925 2959 tibiis
960 2901 1331 2971 simillimas3
1376 2902 1590 2975 quibus
1629 2901 1695 2955 in
1737 2920 2022 2975 equarum
2061 2905 2342 2977 genitalia
2380 2906 2640 2974 insertis,
2671 2909 2798 2967 suf..

584 2982 727 3038 flant
755 2999 855 3037 ore
879 3008 897 3053 3
944 2988 1003 3037 et
1030 2980 1173 3036 dum
1214 2980 1362 3035 alter
1400 2979 1619 3045 sufflat,
1651 2979 1797 3035 alter
1836 2981 2084 3055 mulget.
2168 2982 2236 3039 ld
2275 3001 2346 3039 ea
2379 3002 2588 3039 caussa
2613 3005 2682 3043 se
2711 2988 2797 3043 fan-

582 3078 715 3119 cere
740 3060 929 3126 aiunt,
948 3059 1104 3134 quod
1136 3076 1297 3113 venae
1317 3075 1606 3130 equarum
1633 3058 1716 3113 ita
1743 3058 1960 3116 inflatae
1987 3060 2347 3132 repleantur,
2369 3072 2427 3117 et
2455 3063 2796 3136 depriman-

582 3147 683 3195 tur
704 3139 907 3197 ubera.
989 3138 1307 3210 Postquam
1338 3136 1622 3191 emulsere
1649 3136 1764 3202 lac,
1789 3137 1852 3193 in
1881 3155 2024 3193 cava
2043 3157 2186 3195 vasa
2211 3140 2411 3215 lignea
2439 3142 2796 3211 infundunt,
2896 3200 2897 3225 *

582 3218 849 3291 illudque
880 3233 1167 3273 eaecorum
1194 3232 1393 3287 opera,
1422 3216 1646 3271 circum
1675 3232 1812 3271 vasa
1851 3216 2296 3284 collocatorum,
2327 3220 2596 3294 agitant:
2642 3230 2794 3290 tum,
2896 3234 2897 3293 ᾖ

581 3296 743 3371 quod
783 3302 1147 3369 supernatat,
1179 3293 1239 3347 id
1287 3292 1538 3365 desuper
1584 3292 1962 3357 exhauriunt,
1993 3296 2343 3368 exquisitius
2389 3299 2794 3373 aestimantem

584 3374 741 3451 quod
772 3372 1042 3438 subsidit,
1061 3371 1311 3427 minoris
1336 3372 1635 3427 aestimant
1651 3371 1853 3427 altero.
1896 3369 2093 3443 Hujus
2119 3392 2310 3448 operae
2337 3393 2565 3443 caussa,
2583 3396 2794 3452 quem-

584 3469 841 3526 cumque
882 3451 1037 3507 bello
1078 3451 1321 3524 capiunt
1350 3450 1602 3524 Scythae,
1633 3467 1768 3506 eum
1813 3461 2106 3509 excaecant
2134 3469 2151 3507 ε
2195 3471 2302 3511 nec
2343 3436 2505 3511 enini
2531 3465 2795 3517 aratores

584 3539 747 3597 sunt,
776 3530 875 3586 sed
905 3537 1182 3602 pastores.

660 3615 721 3667 3.
762 3608 855 3664 Ex
892 3606 984 3665 his
1022 3608 1207 3681 igitur
1230 3606 1413 3663 servis
1440 3616 1499 3662 et
1525 3625 1600 3662 ex
1623 3592 1968 3681 Scytharum
2009 3610 2292 3666 uxoribus
2337 3621 2628 3687 prognata
2667 3623 2794 3673 erat

574 3685 861 3762 juventus
885 3709 899 3743 ε
944 3686 1067 3760 qui,
1096 3686 1339 3761 cognita
1362 3703 1472 3741 sua
1505 3686 1758 3759 origine,
1785 3687 1904 3742 illis
1929 3706 2002 3743 ex
2029 3688 2228 3745 Media
2253 3690 2640 3751 redeuntibus
2669 3712 2796 3751 sese

582 3774 1007 3843 opposuerunt.
1088 3766 1170 3821 Ac
1222 3764 1480 3837 primum
1531 3764 1770 3839 quidem
1822 3767 2128 3839 regionem
2178 3768 2622 3841 interceperunt
2671 3768 2796 3829 l‘ata

584 3850 765 3905 ducta
787 3844 962 3908 fossa,
990 3862 1122 3918 quae
1146 3862 1184 3898 a
1207 3843 1465 3897 Tauricis
1491 3843 1796 3899 montibus
1823 3843 1899 3899 ad
1924 3844 2173 3902 Maeotin
2193 3847 2592 3905 vastissimam
2615 3852 2792 3923 palu·

586 3927 723 3985 dem
783 3924 1126 3997 pertinebat.
1204 3920 1433 3977 Deinde
1491 3921 1847 3979 conantibus
1903 3920 2144 3981 introire
2197 3926 2456 3997 Scythis,
2501 3930 2792 4000 oppositis

581 4003 809 4070 eastris,
836 4007 1255 4077 repugnarunt.
1334 3999 1761 4073 Frequentibus
1795 4002 2124 4057 commissis
2162 4004 2400 4075 praeliis,
2427 4022 2612 4077 quum
2643 4007 2792 4065 nihil

586 4082 819 4157 Scythae
841 4080 1155 4156 pugnando
1182 4077 1557 4153 proficerent,
1579 4094 1734 4135 unus
1755 4096 1830 4135 ex
1857 4079 1942 4135 eis
1971 4081 2095 4137 hoec
2115 4081 2292 4137 verba
2315 4080 2492 4139 fecit:
2524 4090 2565 4115 “
2585 4085 2788 4145 Quid-

591 4165 631 4201 “
658 4178 801 4219 nam
826 4160 909 4218 rei
940 4158 1215 4231 facimus,
1246 4156 1516 4233 Scythae?
1559 4157 1716 4215 Cum
1753 4158 1935 4217 servis
1973 4159 2188 4217 nostris
2224 4168 2559 4237 pugnantes
2597 4162 2788 4222 inter·
