2925 4992
550 330 671 387 1³0
1126 314 1628 387 HERODO'TI
1681 318 2046 389 HISTOR.
2084 322 2201 385 111.

638 488 731 541 14.
770 482 1021 543 Decimo
1048 485 1165 553 die,
1194 504 1267 543 ex
1292 499 1410 559 quo
1454 484 1518 539 in
1557 482 1921 542 deditionem
1963 490 2216 541 venerat·
2245 472 2558 541 castellum
2597 481 2756 559 quod

553 564 825 637 Memphi
863 573 975 630 est,
1018 582 1219 641 regem
1258 564 1682 639 AEgyptiorum
1709 564 2198 627 Psammenitum,
2239 562 2344 636 qui
2383 576 2486 618 sex
2523 578 2765 619 menses

554 650 923 719 regnaverat,
952 644 1273 718 Cambyses
1311 642 1686 699 contumeliae
1726 658 1932 697 caussa
1955 658 2092 697 cum
2119 636 2249 703 aliis
2273 640 2575 715 AEgyptiis
2612 642 2764 697 resi-

554 721 692 777 dere
709 716 885 790 jussit
913 722 974 777 in
1000 722 1315 789 suburbio;
1361 728 1421 776 et
1448 721 1714 775 animum
1753 720 1914 775 illius
1953 726 2304 786 tentaturus,
2347 720 2526 775 hocce
2565 718 2766 775 facere

553 800 829 857 instituit.
906 800 1119 857 Filiam
1145 800 1323 864 illius,
1342 799 1538 855 servili
1559 800 1773 854 vestitu
1799 800 2094 865 indutam,
2117 798 2494 873 hydriamque
2517 804 2764 873 gestan-

555 887 704 945 tem,
731 884 1009 952 aquatum
1036 878 1252 943 emisit,
1278 878 1571 951 simulque
1597 894 1733 933 cum
1762 895 1833 933 ea
1855 876 1998 933 alias
2023 874 2302 952 virgines,
2324 894 2397 931 ex
2420 876 2764 949 principum

558 959 819 1013 virorum
846 956 1079 1013 filiabus
1100 956 1371 1019 delectaS,
1397 958 1605 1011 eodem
1629 956 1789 1011 cultu
1813 952 2051 1011 vestitas
2077 972 2196 1030 quo
2222 955 2378 1029 regis
2402 955 2538 1011 filia.
2605 956 2764 1015 Quae

557 1036 661 1091 ubi
690 1035 917 1109 ingenti
942 1052 1076 1090 cum
1120 1036 1377 1090 clamore
1414 1042 1472 1089 et
1517 1030 1743 1103 ejulatu
1785 1033 1848 1089 in
1895 1042 2129 1107 patrum
2176 1042 2559 1107 conspectum
2583 1050 2766 1090 vene-

533 1122 721 1178 -runt,
754 1113 957 1187 reliqui
984 1120 1195 1186 patres,
1224 1112 1552 1185 conspectis
1581 1112 1813 1168 filiabus
1854 1114 1934 1167 ita
1971 1108 2183 1167 misere
2209 1111 2472 1176 adfectis,
2495 1112 2763 1169 invicem

557 1192 876 1249 clamorem
902 1186 1299 1265 ejulatumque
1336 1190 1731 1261 sustulerunt3
1781 1189 2210 1247 Psammenitus
2237 1206 2397 1253 vero,
2424 1190 2533 1245 ubi
2572 1191 2764 1265 respi-

558 1271 719 1325 ciens
758 1274 1064 1345 cognovit,
1093 1271 1156 1325 in
1198 1282 1413 1325 terram
1452 1268 1654 1323 defixit
1691 1268 1910 1324 oculos.
1991 1268 2308 1341 Postquam
2339 1268 2768 1342 praeteriissent

558 1347 771 1423 puellae
808 1356 1085 1421 aquatum
1132 1349 1349 1412 missae,
1395 1348 1653 1402 secundo
1693 1349 1826 1402 loco
1871 1346 2059 1403 filium
2107 1347 2288 1423 regis,
2313 1364 2452 1403 cum
2495 1346 2631 1403 aliis
2671 1348 2766 1404 bis

559 1426 722 1482 mille
749 1421 1009 1495 ejusdem
1038 1428 1224 1483 aetatis
1251 1427 1554 1500 AEgyptiis
1577 1434 1788 1498 praeter
1815 1426 1970 1499 regis
1997 1425 2196 1481 oculos
2223 1425 2358 1481 duci
2381 1421 2583 1493 jussit,
2611 1424 2768 1483 fune

555 1506 778 1561 circum
804 1506 1086 1560 cervicem
1114 1506 1364 1567 vinctos,
1406 1511 1465 1559 et
1505 1520 1608 1559 ora
1645 1504 1830 1561 frenis
1863 1504 2162 1561 coercitos.
2242 1502 2630 1560 Ducebantur
2653 1520 2766 1562 au·

560 1590 682 1640 tem
730 1584 789 1638 hi
828 1584 929 1651 ita,
970 1598 1175 1657 poenas
1211 1583 1415 1639 luituri
1455 1582 1814 1657 Mitylenaeis
1839 1583 1972 1647 illis,
2001 1582 2102 1655 qui
2127 1580 2396 1655 Memphi
2436 1599 2572 1638 cum
2621 1582 2768 1639 navi

551 1662 847 1737 perierant
872 1684 887 1719 z
932 1662 1087 1718 hanc
1124 1662 1281 1718 enim
1316 1662 1663 1717 sententiam
1693 1660 2219 1734 pronunciaverunt
2245 1660 2392 1735 regii
2409 1655 2668 1731 judices,
2695 1668 2770 1719 ut

559 1758 665 1814 pro
690 1756 1049 1815 unoquoque
1072 1740 1201 1796 viro
1224 1740 1427 1797 decem
1452 1738 1725 1815 AEgyptii
1761 1756 1834 1795 ex
1873 1736 2204 1814 principum
2235 1756 2480 1795 numero
2505 1738 2769 1800 invicem

560 1820 829 1891 perirent.
907 1818 988 1874 Et
1012 1817 1136 1882 ille,
1166 1818 1341 1873 etiam
1374 1820 1479 1872 hos
1507 1826 1921 1890 praetereuntes
1945 1818 2167 1885 videns,
2196 1834 2378 1892 quum
2407 1816 2478 1873 ad
2503 1824 2768 1876 mortem

526 1912 528 1919 ·
559 1896 697 1951 duci
720 1896 909 1953 filium
938 1912 1111 1951 suum
1136 1896 1519 1969 intelligeret,
1562 1896 1800 1969 reliquis
1827 1896 2146 1971 AEgyptiis,
2181 1897 2280 1969 qui
2321 1896 2546 1952 circum
2587 1896 2769 1955 illum

560 1974 871 2039 sedebant,
900 1971 1173 2029 flentibus
1198 1981 1260 2028 et
1285 1974 1764 2040 lamentantibus,
1790 1974 1946 2030 idem
1977 1974 2114 2031 fecit
2139 1976 2293 2049 quod
2335 1974 2397 2029 in
2443 1972 2566 2030 filia
2603 1975 2772 2037 fece·

553 2059 667 2107 rat.
747 2050 1025 2124 Denique
1078 2067 1264 2124 quum
1312 2060 1374 2107 et
1421 2052 1482 2106 hi
1529 2053 1964 2124 praeteriissent,
2015 2054 2226 2111 accidit
2269 2060 2339 2109 ut
2391 2052 2572 2109 homo
2617 2062 2770 2110 natu

559 2127 863 2207 grandior,
894 2130 992 2202 qui
1022 2137 1327 2203 compotor
1356 2128 1510 2204 regis
1533 2130 1677 2185 olim
1703 2129 1914 2197 fuerat,
1941 2146 2096 2187 nunc
2121 2148 2260 2187 vero
2289 2131 2462 2187 bonis
2483 2132 2782 2189 omnibus

560 2208 871 2273 exciderat,
915 2224 1025 2263 nec
1065 2208 1221 2264 aliud
1264 2207 1601 2282 quidquam,
1642 2209 1755 2264 nisi
1793 2218 2084 2283 quantum
2125 2209 2449 2277 mendicus,
2485 2209 2772 2277 habebat,

559 2289 735 2361 atque
782 2286 927 2343 adeo
970 2286 1181 2359 stipem
1228 2304 1263 2340 a
1312 2287 1596 2343 militibus
1639 2287 1907 2362 rogabat,
1937 2288 2253 2360 praeteriret
2304 2297 2513 2361 praeter
2561 2288 2772 2346 Psam-

558 2366 873 2429 menitum,
902 2361 1191 2421 Amasidis
1216 2364 1427 2432 filium,
1456 2364 1878 2441 AEgyptiosque
1911 2366 2012 2439 qui
2053 2366 2113 2421 in
2157 2366 2438 2423 suburbio
2466 2366 2773 2425 sedebant.

558 2442 890 2499 Huncubi
930 2442 1367 2499 Psammenitus
1414 2445 1739 2517 conspexit,
1767 2446 2065 2519 ingentem
2115 2445 2176 2500 in
2219 2441 2424 2502 fletum
2463 2446 2679 2519 erupit,
2707 2455 2772 2503 et

560 2521 797 2577 nomine
824 2522 1187 2594 compellans
1212 2520 1496 2588 sodalem,
1523 2530 1701 2595 caput
1741 2524 1849 2578 sibi
1893 2522 2136 2595 planxit.
2217 2522 2405 2579 Erant
2449 2532 2653 2581 autem
2679 2522 2771 2581 illi

558 2598 831 2655 custodes
855 2598 1127 2673 adpositi,
1156 2600 1275 2672 qui,
1302 2600 1579 2672 quidquid
1605 2616 1836 2672 quaque
1861 2608 2250 2675 praetereunte
2275 2618 2496 2675 pompa
2521 2602 2770 2669 faceret,

478 2749 482 2753 ῃ
559 2677 967 2743 observarent,
1008 2686 1067 2733 et
1108 2679 1512 2733 renunciarent
1551 2678 1846 2753 cambysi.
1925 2680 2179 2737 Miratus
2217 2680 2402 2755 igitur
2439 2680 2768 2757 Cambyses

560 2772 691 2827 quae
716 2755 816 2810 ille
840 2754 1077 2824 fecerat,
1110 2756 1291 2812 misso
1318 2757 1560 2823 nuncio,
1587 2756 1970 2833 interrogavit
1991 2774 2130 2813 eum
2161 2758 2252 2813 his
2276 2758 2503 2815 verbis:
2559 2766 2604 2791 “
2631 2758 2771 2817 Do·

562 2840 605 2866 “
636 2833 831 2889 minus
858 2834 1179 2909 Cambyses
1220 2851 1295 2891 ex
1336 2842 1397 2889 te
1434 2836 1662 2907 quaerit,
1691 2835 2104 2901 Psammenite,
2131 2836 2272 2910 quid
2320 2838 2398 2893 sit
2439 2836 2598 2910 quod
2625 2855 2773 2895 con·

562 2916 606 2944 “
634 2918 833 2984 specta
858 2910 981 2967 filia
1008 2921 1110 2969 tua
1144 2913 1300 2970 male
1339 2913 1588 2979 adfecta,
1615 2914 1874 2989 itemque
1913 2924 2230 2989 conspecto
2263 2914 2386 2971 filio
2423 2916 2498 2971 ad
2539 2918 2774 2991 suppli·

560 2992 605 3021 “
634 2992 794 3047 cium
840 2988 1186 3064 prodeunt-e,
1214 3009 1320 3047 nec
1360 2991 1676 3048 clamorem
1718 3009 1824 3048 nec
1861 2990 2066 3049 fletum
2105 2992 2374 3061 edidisti3
2419 2994 2770 3053 mendicum

562 3076 608 3101 “
637 3086 775 3125 vero
802 3068 998 3136 illum,
1029 3070 1174 3127 nihil
1202 3070 1273 3125 ad
1304 3078 1361 3126 te
1384 3070 1793 3143 pertinentem,
1821 3079 1890 3127 ut
1915 3071 2151 3146 quidem
2191 3088 2261 3126 ex
2303 3070 2431 3127 aliis
2457 3076 2771 3149 cognovit,

562 3154 607 3179 u
634 3148 857 3241 honore
895 3148 1009 3203 hoc
1046 3152 1571 3241 estprosecutusff
1613 3149 1746 3239 ‘Cui
1787 3151 1872 3205 ita
1911 3150 2319 3236 interroganti,
2359 3152 2484 3207 haec
2519 3152 2632 3208 'ille
2673 3170 2774 3209 re..

558 3226 841 3359 53'32‘2323
866 3226 1336 3375 affluit*
1362 3226 1455 3359 51¹?
1456 3235 1701 3361 2235&
1719 3228 1896 3378 ιῖἓῖὲέ
1923 3238 2772 3384 ’ἓξθηῗὶἳιὲῧὲἑηᾞίἓῗωὲἓ

558 3389 604 3414 “
634 3390 753 3446 tur,
796 3382 897 3455 qui
936 3382 1277 3456 ingentibus
1322 3382 1530 3455 opibus
1571 3383 1804 3452 excidit,
1849 3393 1910 3441 et
1966 3386 2024 3440 in
2079 3387 2392 3442 senectutis
2434 3386 2648 3445 limine
2697 3388 2772 3445 ad

450 3520 455 3525 ,
560 3462 605 3493 ·’
632 3456 1067 3515 mendicitatem
1112 3468 1202 3516 est
1244 3462 1570 3519 redactus.”
1655 3464 1800 3519 Hoec
1841 3480 2025 3537 quum
2067 3462 2144 3519 ab
2183 3462 2389 3519 eodem
2431 3467 2654 3522 nuncio
2697 3466 2771 3523 ad

524 3539 527 3541 ’
560 3536 894 3612 Cambysen
924 3536 1115 3594 essent
1144 3538 1343 3605 relata,
1370 3540 1678 3597 commode
1693 3542 1852 3598 dicta
1877 3538 1930 3597 ei
1959 3540 2084 3597 visa
2110 3558 2236 3598 esse
2262 3543 2424 3599 aiunt
2444 3542 2765 3619 AEgyptii3

558 3624 735 3691 ‘atque
786 3616 963 3689 etiarn
1008 3616 1277 3673 Croesum
1324 3621 1524 3693 (quem
1568 3634 1766 3677 secum
1817 3621 1878 3675 in
1930 3618 2263 3694 AEgypmm
2293 3622 2615 3694 Cambyses
2635 3652 2643 3657 -
2665 3623 2772 3679 ad-

557 3694 831 3765 duxerat)
872 3702 935 3749 et
976 3694 1197 3765 Persas,
1238 3698 1341 3769 qui
1379 3698 1643 3763 aderunt,
1667 3699 2050 3773 lacrymasse3
2095 3699 2406 3772 ipsumque
2432 3700 2772 3777 Cambysen

558 3773 956 3831 misericordia
993 3774 1245 3846 quadam
1286 3775 1472 3831 fuisse
1511 3784 1758 3843 tactum,
1797 3776 2183 3851 protinusque
2211 3771 2478 3845 jussisse,
2505 3786 2579 3834 ut
2605 3778 2770 3837 filius

556 3850 685 3923 ejus
706 3852 804 3917 'ex
851 3851 1058 3907 horum
1110 3868 1359 3909 numero
1402 3854 1504 3927 qui
1544 3854 1729 3927 perire
1767 3856 2045 3913 deberent
2075 3851 2442 3923 eximeretur,
2470 3864 2532 3914 et
2575 3856 2712 3933 ipse
2735 3874 2772 3914 e

556 3930 841 3993 suburbio
868 3932 1093 3986 excitus
1120 3931 1190 3987 ad
1220 3950 1281 3988 se
1310 3932 1638 3990 duceretur.
1766 3931 1772 3940 “

584 4022 595 4042 ’
642 4014 735 4069 15.
775 4008 913 4063 Jam
940 4008 1131 4065 filium
1158 4011 1415 4083 quidem,
1443 4012 1545 4085 qui
1589 4012 1661 4067 ad
1704 4030 1840 4069 eum
1876 4012 2230 4069 servandum
2259 4014 2421 4070 missi
2447 4020 2610 4083 sunt,
2641 4032 2767 4072 non

555 4088 813 4161 amplius
852 4084 1227 4159 superstitem
1274 4090 1654 4156 invenerunt,
1681 4092 1875 4165 utqui
1901 4093 2089 4166 primo
2131 4091 2279 4153 loco.
2305 4092 2498 4151 fuerat
2538 4110 2767 4152 caesus:

554 4166 659 4226 sed
686 4164 1155 4228 Psammenitum
1182 4168 1398 4245 ipsum,
1426 4188 1460 4227 e
1485 4168 1770 4229 suburbio
1805 4171 2087 4239 excitum,
2115 4169 2190 4227 ad
2219 4170 2551 4247 Cambysen
2581 4172 2772 4231 duxe-
