2925 4992
1087 314 1449 381 THALIA.
2257 320 2370 385 127·

177 482 456 539 invertunt
493 479 827 547 historiam,
856 478 1209 537 intercedere
1248 477 1365 536 eibi
1406 478 1770 537 adfectantes
1809 496 1946 537 cnm
1975 480 2114 556 Cyri
2141 480 2368 543 familia

182 560 599 637 cognationem.
680 560 763 617 Et
790 561 915 616 haee
941 558 1179 633 quidem
1206 558 1291 614 ita
1316 576 1381 614 se
1405 558 1641 615 habent.

248 646 299 696 3.
338 638 626 695 Narratur
672 639 851 695 etiam
884 636 1001 693 alia
1030 636 1256 703 fabula,
1284 638 1433 693 mihi
1481 654 1600 693 non
1649 636 1962 707 credibilia,
2005 633 2364 710 huiusmodi.

177 720 521 776 Pei-sicarum
544 718 863 775 mulierum
880 716 1239 789 quampiam,
1256 716 1329 771 ad
1350 716 1488 789 Cyri
1509 717 1788 779 mulieres
1811 718 2157 792 ingressam,
2179 736 2364 793 quum

176 796 545 855 Cassandanae
598 798 897 853 adstantes
948 792 1191 851 vidisset
1230 792 1443 850 liberos
1495 795 1686 852 forma
1729 802 1790 853 et
1832 802 2060 851 statura
2083 806 2366 871 praeetan-

174 885 267 944 tes,
294 876 645 933 admiratam
685 875 820 931 illos
861 873 1061 929 multis
1086 872 1361 929 laudibus
1400 873 1699 931 extulisse.
1774 873 1936 931 Tum
1959 874 2014 929 ei
2039 876 2366 933 cassanda·

166 973 319 1022 nam,
348 954 493 1028 Cyri
519 970 786 1019 uxorem,
814 952 1064 1009 dixisse:
1135 956 1179 983 “
1206 951 1383 1025 Atqui
1412 969 1534 1017 me,
1561 968 1750 1025 quum
1791 953 2000 1009 talium
2039 961 2230 1011 mater
2253 955 2366 1012 sim

167 1040 209 1083 “.
226 1037 569 1111 puerorum,
600 1032 791 1107 Cyrus
836 1040 1033 1087 tamen
1078 1038 1465 1105 aspernatum
1515 1030 1678 1087 illam
1707 1047 1848 1087 vero
1875 1048 1948 1087 ex
1969 1030 2242 1107 AEgypto
2265 1034 2370 1091 ad-

163 1118 201 1145 “
224 1113 542 1171 ventitiam
592 1112 653 1166 in
697 1110 916 1165 honore
960 1108 1193 1165 habet.”
1297 1109 1447 1168 Haec
1493 1116 1804 1184 postquam
1853 1110 2246 1185 ingemiscens
2287 1112 2368 1168 ob

159 1191 384 1249 Nitetin
428 1196 587 1246 esset
630 1188 852 1255 locuta,
898 1187 1160 1252 filiorum
1204 1194 1350 1243 natu
1390 1188 1722 1245 maximum
1751 1189 2106 1262 Cambysen,
2135 1189 2371 1259 dixisse,

158 1277 197 1303 “
220 1270 453 1344 Itaque,
484 1276 696 1334 mater,
724 1284 909 1341 quum
954 1282 1074 1341 ego
1116 1264 1205 1321 vir
1238 1282 1502 1333 evasero,
1530 1266 1786 1342 AEgypti
1834 1284 2068 1323 summa
2107 1268 2228 1327 ima
2253 1288 2365 1345 po-

159 1355 197 1381 “
222 1364 386 1414 nam,
434 1355 499 1403 et
536 1344 663 1403 ima
702 1346 991 1401 summa.”
1088 1344 1223 1401 Hoc
1262 1343 1594 1421 Cambysen
1643 1344 1858 1402 dixisse
1897 1345 2100 1403 decem
2141 1348 2372 1405 circiter

50 1452 57 1459 ·
158 1443 335 1483 annos
378 1433 614 1491 natum,
640 1423 1027 1498 mulieresque
1070 1421 1452 1479 admiratione
1493 1422 1674 1479 fuisse
1713 1423 2047 1497 perculsas:
2089 1433 2150 1482 et
2173 1426 2368 1495 illum,

158 1512 473 1579 postquam
502 1502 577 1559 ad
602 1502 833 1559 virilem
860 1502 1217 1576 pervenisset
1244 1508 1500 1568 aetatem,
1519 1518 1897 1575 regnumque
1915 1510 2070 1559 esset
2091 1504 2368 1580 adeptus,

157 1584 293 1641 dicti
320 1598 677 1647 memorem,
704 1581 1027 1653 suscepisse
1054 1580 1115 1635 in
1145 1578 1481 1655 AEgyptum
1507 1580 1958 1653 expeditionem.

230 1668 287 1717 4.
329 1659 638 1717 Acciderat
678 1660 821 1715 'vero
858 1659 1039 1715 etiam
1064 1658 1227 1714 aliud
1251 1658 1556 1732 quidpiam
1585 1654 1945 1728 hujusmodi,
1979 1660 2136 1735 quod
2163 1660 2236 1719 ad
2263 1680 2369 1720 ex-

160 1741 522 1814 peditionem
560 1737 725 1793 illam
773 1745 1144 1794 momentum
1189 1736 1459 1792 contulit.
1541 1735 1688 1793 Erat
1730 1737 1792 1794 in
1831 1753 2080 1794 numero
2122 1740 2371 1798 auxilia-

160 1820 307 1875 rium
351 1816 645 1875 Amasidis
696 1816 804 1874 vir,
825 1822 1051 1891 genere·
1085 1814 1641 1882 Halicarnassensis,
1695 1816 1791 1872 cui
1843 1815 2076 1874 Phanes
2132 1836 2365 1887 nomen,

159 1898 337 1955 homo
359 1904 423 1952 et
448 1893 695 1952 consilio
730 1906 1035 1967 praestans,
1076 1903 1135 1950 et
1174 1892 1385 1950 bellica
1423 1894 1659 1951 virtute.
1737 1894 1974 1951 Phanes
2009 1896 2124 1963 hic,
2165 1900 2368 1956 nescio

158 1994 271 2051 qua
322 1993 389 2031 re
432 1974 699 2030 infensus
744 1972 1023 2038 Amasidi,
1066 1972 1205 2027 navi
1248 1990 1321 2028 ex
1360 1971 1630 2047 AEgypto
1669 1973 1956 2049 profugit,
2005 1976 2248 2049 cupiens
2299 1978 2364 2034 in

158 2052 523 2128 colloquium
570 2052 773 2109 venire
826 2050 1156 2125 Cambysis.
1249 2052 1327 2107 At
1371 2051 1564 2118 illum,
1607 2060 1678 2108 ut
1721 2049 1824 2126 qui
1863 2054 2019 2109 inter
2055 2054 2368 2113 auxiliares

157 2133 307 2191 haud
339 2132 565 2205 exiguo
591 2130 727 2185 ioco
750 2129 979 2197 fiiisact,
1005 2138 1065 2187 et
1091 2145 1225 2203 quae
1264 2128 1339 2185 ad
1376 2128 1712 2204 AEgyptum
1751 2130 2098 2205 spectabant
2123 2132 2366 2191 adcura-

158 2212 379 2269 tissime
405 2209 649 2285 cognita
668 2208 989 2275 habuisset,
1018 2214 1355 2282 persecutus
1378 2216 1469 2263 est
1490 2210 1738 2277 Amasis,
1762 2210 2022 2265 studiose
2047 2211 2198 2268 dans
2223 2230 2368 2287 ope-

156 2308 276 2347 ram
306 2299 379 2346 ut
404 2306 549 2345 eum
588 2288 897 2359 exciperet.
979 2288 1322 2343 Persecutns
1365 2294 1455 2343 est
1499 2293 1698 2343 autem
1731 2288 1934 2355 miss0,
1962 2305 2078 2362 qua
2119 2290 2231 2346 iter
2268 2292 2370 2349 ille

152 2370 467 2433 direxerat,
512 2366 931 2425 eunuchorum
960 2364 1299 2421 fidelissimo
1328 2381 1463 2420 cum
1507 2364 1746 2421 triremi.
1827 2366 1909 2423 Et
1942 2368 2096 2439 cepit
2127 2368 2366 2441 quidem

153 2448 465 2505 hominem
488 2445 798 2501 eunuchus
822 2445 881 2499 in
904 2443 1110 2520 Lycia,
1132 2444 1229 2500 sed
1252 2450 1492 2518 captum
1513 2460 1636 2499 non
1661 2443 1894 2501 reduxit
1915 2445 1976 2501 in
1994 2445 2327 2520 AEgyptum
2350 2463 2368 2504 ε

150 2544 290 2583 nam
333 2524 561 2581 astutia
596 2538 737 2579 enm
766 2521 997 2578 Phanes
1034 2521 1441 2586 circumvenit,
1471 2529 1534 2578 et
1565 2522 1870 2579 inebriatis
1913 2524 2251 2585 custodibus
2292 2526 2364 2584 ad

150 2606 359 2662 Persas
386 2603 601 2659 evasit.
682 2599 775 2658 lbi
800 2606 947 2657 tunc
972 2600 1305 2675 Cambysen
1336 2600 1502 2666 adiit,
1527 2600 1846 2657 exercitum
1871 2601 2148 2659 adversus
2174 2602 2370 2681 AEgy-

150 2692 322 2758 ptum
350 2682 569 2737 ducere
608 2686 931 2753 parantem,
960 2680 1063 2735 sed
1087 2680 1159 2735 de
1184 2679 1397 2735 itinere
1434 2678 1800 2736 dubitantem
1827 2695 1946 2754 quo
1968 2689 2140 2755 pacto
2168 2674 2362 2759 regio-

148 2780 289 2820 nem
316 2778 479 2835 aqua
502 2765 801 2817 carentem
840 2758 1255 2815 transmitteret
1273 2782 1287 2827 3
1334 2758 1506 2830 eique
1529 2774 1717 2831 quum
1741 2758 1858 2815 alia
1897 2760 1969 2815 ad
2013 2776 2103 2817 res
2135 2762 2364 2818 Amasi-

148 2842 237 2898 dis
280 2838 636 2915 spectantia,
674 2844 803 2893 tum
852 2835 1073 2893 itineris
1121 2836 1373 2894 faciendi
1413 2837 1704 2892 rationem
1751 2838 2046 2911 exposuit,
2091 2854 2362 2909 monens,

148 2922 327 2976 missis
354 2918 559 2991 legetis
600 2921 819 2990 rogaret
844 2914 1093 2971 Arabum
1118 2914 1325 2988 regem,
1342 2921 1407 2969 ut
1434 2920 1614 2970 tutum
1646 2914 1760 2971 ille-
1779 2917 2068 2971 transitum
2093 2917 2198 2973 sibi
2217 2936 2363 2992 ργα-

148 3004 347 3055 staret.

230 3082 287 3133 5.
330 3075 508 3131 Patet
551 3078 749 3130 autem
802 3072 912 3129 hac
952 3092 1071 3131 una
1112 3074 1209 3129 via
1246 3072 1549 3149 ingressus
1589 3075 1654 3130 in
1694 3074 2045 3149 AEgyptum.
2126 3073 2285 3133 Nam
2330 3096 2368 3133 a

147 3154 469 3213 Phoenicia
518 3170 708 3226 usque
750 3152 823 3207 ad
864 3152 1009 3209 fines
1054 3152 1289 3226 Cadytis
1341 3152 1530 3219 urbis,
1579 3154 1858 3225 Syrorum
1909 3160 2060 3208 terra
2107 3162 2219 3218 est,
2265 3157 2366 3229 qni

149 3232 455 3291 Palaestini
483 3239 799 3287 vocantur:
846 3248 881 3286 a
908 3224 1118 3305 Cadyti
1148 3232 1303 3305 (quae
1342 3238 1432 3287 est
1473 3231 1608 3287 urbs
1638 3230 1790 3287 haud
1819 3232 2008 3287 multo
2047 3232 2264 3299 minor,
2293 3244 2366 3293 ut

148 3310 603 3377 mihievidetur,
632 3308 933 3382 Sardibus)
968 3310 1231 3383 emporia
1274 3308 1347 3364 ad
1400 3326 1561 3367 mare
1587 3311 1716 3376 sita,
1745 3327 1930 3384 usque
1971 3308 2042 3366 ad
2083 3306 2364 3386 Ienysum

152 3390 459 3465 oppidum,
512 3396 653 3445 sunt
702 3388 942 3461 ditionis
983 3387 1222 3444 Arabici
1264 3388 1451 3461 regis:
1501 3406 1538 3444 a
1575 3387 1784 3463 lenyso
1825 3404 2024 3445 rursus
2079 3388 2362 3463 Syrorum

156 3469 305 3526 ditio
356 3468 617 3543 pertinet
664 3467 737 3523 ad
788 3466 1165 3536 Serbonidem
1220 3480 1401 3540 usque
1450 3466 1671 3534 lacum,
1708 3468 1884 3537 juxta
1935 3484 2111 3541 quem
2155 3468 2362 3527 Casius

151 3565 333 3604 mons
372 3546 449 3604 ad
498 3562 661 3603 mare
698 3546 1052 3620 porrigitur:
1109 3559 1144 3600 a
1187 3542 1503 3600 Serbonide
1542 3545 1699 3612 lacu,
1750 3547 1810 3602 in
1851 3562 1970 3619 quo
1999 3546 2362 3605 occultatum

146 3626 511 3701 Typhonem
542 3622 733 3689 aiunt,
762 3624 839 3679 ab
870 3624 975 3680 illo
993 3619 1121 3693 jam
1146 3624 1447 3698 AEgyptus
1475 3631 1584 3681 est.
1663 3622 1822 3689 Jam,
1865 3625 1967 3699 qui
2008 3623 2162 3679 inter
2186 3625 2362 3699 Ieny·

148 3722 287 3763 snm
314 3703 609 3779 oppidum
632 3710 695 3759 et
720 3702 959 3759 Casium
988 3709 1256 3759 montem
1285 3700 1786 3777 Serbonidemque
1809 3703 2003 3761 lacum
2023 3698 2364 3773 interjectus

150 3791 379 3842 tractus
405 3790 521 3847 est,
552 3781 705 3837 haud
731 3780 831 3837 ille
856 3782 1127 3857 exiguus,
1147 3780 1247 3837 sed
1270 3779 1451 3835 tridui
1471 3780 1592 3836 fere
1607 3781 1820 3840 itinere
1842 3781 1904 3838 in
1929 3780 2361 3857 longitudinem·

150 3870 379 3939 patens,
410 3862 463 3919 is
491 3876 729 3933 prorsus
758 3876 1038 3933 aquarum
1068 3860 1371 3932 est'inops.
1777 3876 1780 3879 ⁴

62 3936 75 3943 ”
230 3946 284 3999 6.
322 3938 513 4004 Quod
538 3954 685 3994 vero
708 3956 743 3994 a
769 3939 967 4012 paucis
1006 3955 1231 4005 eorum,
1276 3937 1379 4010 qui
1414 3937 1476 3993 in
1522 3938 1858 4013 AEgyptum
1899 3936 2180 4011 navigare
2221 3954 2362 3997 con-s

146 4030 417 4087 suerunt,
444 4016 921 4075 animadversum
947 4023 1057 4082 est,
1082 4017 1143 4071 id
1168 4034 1280 4092 ego
1306 4019 1858 4090 sumexposituruS.
1933 4014 2006 4071 In
2027 4016 2361 4091 AEgyptnrn

144 4118 220 4157 ex
262 4100 543 4157 universa
570 4095 818 4160 Graeeia,
847 4102 911 4153 et
949 4104 1229 4170 praeterea
1264 4112 1339 4152 ex
1378 4094 1694 4162 Phoenieia,
1722 4096 1816 4152 bis
1839 4095 2152 4168 quotannis
2187 4096 2372 4153 inve--

148 4178 372 4237 huntur
394 4174 617 4255 figlina
655 4172 817 4233 dolia
853 4174 993 4232 vino
1034 4172 1289 4252 repleta:
1332 4177 1742 4235 verumtamen
1765 4190 1840 4232 ne
1867 4188 2053 4235 unum
2093 4175 2355 4249 quidem,
2423 4170 2431 4174 ”
