2925 4992
914 270 1524 379 Maroneus.
2237 324 2346 379 m

230 481 317 533 18.
360 476 549 535 Trans
572 478 1035 554 Borysthenem,
1048 474 1241 551 prima
1276 496 1311 534 a
1336 480 1483 535 mari
1523 478 1686 554 reg-io
1711 474 1924 554 Hylaea
1963 484 2073 535 est·
2153 478 2350 554 Supra

160 555 297 613 hane
310 560 561 631 proximi
582 560 857 615 habitant
882 554 1105 630 Scythoe‘
1117 559 1391 630 agricolae,
1412 574 1560 632 quos
1579 560 1772 614 Graeci
1792 556 2072 631 Hypanin
2097 554 2348 615 fluvium

156 637 475 693 adeoientes
506 637 949 712 Borysthenitas
970 637 1297 701 nominant,
1323 638 1433 708 ipsi
1464 647 1664 693 autem
1695 654 1758 691 se
1783 636 2196 709 Olbiopolitas.
2259 636 2348 692 Hi

158 714 323 787 igitur
348 715 581 790 Scythae
608 715 883 791 agricolae
908 714 981 771 ad
1006 718 1295 771 orientem
1322 714 1706 790 Borysthenis
1735 716 2007 770 habitant
2049 717 2122 770 ad
2165 715 2348 771 trium

158 794 255 849 iter
276 794 526 861 dierum,
554 797 971 869 pertinentque
994 810 1183 867 usque
1210 794 1281 849 nd
1313 794 1562 849 fluvium
1589 794 1686 849 cui
1713 810 1928 849 nomen
1955 793 2346 867 Panticapen

156 888 337 928 versus
375 875 856 947 septemtrionem
884 890 1045 938 vern,
1088 872 1367 928 undecim
1408 874 1633 939 dierum
1675 874 1786 927 iter
1825 872 2070 928 adverso
2107 872 2352 929 flumine

156 948 578 1025 navigantibus.
670 952 709 1007 J
712 970 809 1009 am
862 967 1059 1024 supra·
1088 952 1195 1006 hos
1246 950 1427 1025 longe
1477 952 1710 1023 lateque
1749 952 1980 1007 deserta
2029 954 2196 1025 regio
2239 960 2350 1009 est·

160 1029 285 1085 Post
304 1031 609 1087 desertum
634 1047 779 1086 vero
802 1030 1179 1103 Androphagi
1216 1030 1508 1097 habitant,
1541 1031 1810 1104 proprius
1841 1028 2121 1102 populus,
2153 1032 2352 1087 neuti-

155 1124 313 1180 quam
354 1110 686 1182 Scythicus.
766 1108 951 1182 Supra
978 1110 1087 1164 hos
1110 1124 1249 1164 vero
1283 1105 1413 1179 jam
1455 1126 1660 1164 verum
1687 1109 2009 1174 desertum,
2041 1126 2152 1165 nec
2189 1108 2352 1167 tillus

156 1187 451 1244 hominum
484 1189 767 1262 populare,
796 1187 989 1261 quoad
1016 1189 1305 1243 novimus.

226 1270 309 1322 19.
349 1268 439 1323 Ab
470 1270 703 1323 oriente
728 1284 871 1321 vero
900 1266 1289 1341 agricolarum
1318 1268 1568 1323 istorum
1597 1268 1966 1341 Scytharum,
1997 1272 2162 1323 trans
2189 1266 2350 1323 Pan·-

154 1343 363 1417 ticapen
392 1344 680 1411 fluvium,
705 1346 1005 1401 Nomades
1041 1342 1269 1416 Scythae
1292 1346 1546 1419 degunt,
1569 1347 1672 1420 qui
1719 1362 1906 1419 neque
1935 1354 2142 1402 serunt
2179 1346 2354 1417 quid·

152 1434 329 1495 quam,
360 1442 469 1481 nec
496 1434 711 1480 arant:
754 1432 959 1497 estque
1003 1422 1305 1479 arboribus
1354 1426 1512 1479 nuda
1549 1424 1824 1481 universa
1866 1426 1994 1479 haee
2035 1424 2221 1499 regio,
2247 1441 2354 1481 ex·

154 1512 309 1575 cepta·
330 1503 565 1577 Hylaea.
647 1504 943 1558 Nomades
968 1509 1163 1557 autem
1204 1504 1286 1567 hi,
1314 1504 1602 1559 orientem
1641 1520 1866 1569 versus,
1895 1510 2110 1559 terram
2141 1510 2352 1561 tenent

156 1598 247 1653 per
266 1582 715 1653 quatuordecim
740 1582 969 1637 dierum
992 1582 1101 1636 iter
1128 1588 1431 1654 patentem
1458 1582 1530 1637 ad
1552 1582 1852 1637 Gen-hum
1873 1598 2062 1653 usque
2085 1580 2354 1639 fiuvium

218 1663 307 1715 ΞΟ.
345 1661 542 1717 Trans
568 1658 865 1715 Gerr-hum
897 1661 1022 1714 hoee
1040 1666 1133 1715 est
1156 1676 1289 1732 quae
1318 1660 1500 1731 Regia
1527 1666 1676 1715 terra
1701 1667 1968 1725 vocatur,
1997 1676 2177 1733 quum
2207 1661 2354 1733 Scy·

151 1738 253 1796 thae
298 1739 662 1797 uobiiissimi
718 1746 919 1793 tenent
974 1746 1033 1792 et
1086 1738 1574 1803 numerosissimi,
1629 1740 1730 1812 qui
1793 1739 2040 1811 reliquos
2102 1738 2350 1812 Scythas

43 1868 45 1877 .
152 1834 330 1876 servos
356 1836 495 1876 suos
557 1834 685 1873 esse
714 1823 1004 1890 reputant.
1088 1815 1510 1889 Pertinentque
1553 1816 1633 1882 hi,
1678 1816 1982 1873 meridiem
2023 1834 2246 1883 versus,
2275 1818 2352 1877 ad

151 1894 481 1968 Tauricam3
538 1914 743 1952 versus
794 1896 1079 1951 orientem
1119 1912 1282 1960 vero,
1335 1897 1407 1951 ad
1460 1896 1680 1953 fossam
1735 1897 1899 1951 iliam
1937 1912 2116 1968 quam
2165 1914 2354 1953 caeco-

43 2042 46 2057 ,
154 1992 267 2031 rum
292 1979 398 2033 filii
422 1978 749 2040 duxerunt,
776 1982 837 2031 et
862 1974 935 2030 ad
960 1975 1287 2045 emporium
1312 1975 1612 2031 Maeotidis
1641 1974 1872 2047 paludis
1911 1976 2064 2047 quod
2107 1976 2354 2035 Cremni

156 2064 413 2126 vocatur3
462 2055 687 2130 partim
714 2054 891 2109 etiam
932 2053 1005 2108 ad
1044 2052 1279 2109 Tanain
1322 2051 1545 2109 flumen
1591 2056 1902 2127 pertinent.
1981 2055 2133 2115 Quae
2173 2070 2354 2127 supra

156 2137 312 2205 reg-ies
336 2135 581 2208 Scythas
606 2134 680 2188 ad
707 2132 1189 2205 septemtrionem
1220 2139 1498 2206 vergunt,
1539 2150 1608 2187 ea
1644 2131 2066 2189 Melanehiaeni
2101 2140 2347 2205 tenent,

43 2214 46 2229 '
155 2209 379 2270 diversae
402 2212 609 2285 stirpis
636 2211 909 2285 populus,
938 2227 1061 2265 non
1090 2208 1417 2283 Scythicus·
1491 2210 1674 2284 Supra
1710 2210 2169 2267 Melanchiaenos
2193 2228 2353 2278 vero,

154 2292 377 2364 paludes
416 2300 591 2357 sunt,
646 2300 708 2347 et
760 2296 913 2346 terra
959 2287 1301 2346 bominibus
1350 2306 1558 2357 vacua,
1612 2297 1898 2363 quantum
1950 2306 2062 2344 nos
2111 2291 2360 2363 quidem

160 2386 549 2507 nugiflssrans
575 2446 807 2505 Tanain
833 2445 1085 2504 fluvium
1116 2466 1233 2503 non
1258 2447 1514 2519 amp‘lius
1537 2448 1809 2520 Scythica
1832 2455 2007 2513 terra,
2038 2448 2136 2505 sed
2163 2449 2356 2522 prima

155 2530 297 2604 regio
324 2527 811 2587 Sauromatarum
836 2534 963 2596 est3
1010 2528 1115 2600 qui
1160 2527 1235 2582 ab
1276 2527 1486 2582 intimo
1523 2526 1822 2584 Moeotidis
1847 2528 2080 2601 paludis
2125 2541 2355 2587 recessu

45 2618 47 2623 ·
154 2605 365 2663 initium
394 2609 721 2682 capientes,
746 2615 971 2669 tenent,
998 2606 1477 2679 septemtrionem
1503 2622 1728 2671 versus,
1759 2616 1970 2662 terram
2013 2607 2072 2663 in
2099 2606 2354 2680 quinde-

154 2686 256 2742 cim
278 2687 511 2743 dierum
561 2686 679 2740 iter
722 2692 1048 2757 patentem,
1092 2685 1399 2739 arboribus
1438 2685 1736 2750 omnibus,
1761 2694 1884 2741 tam
1933 2686 2127 2752 euitiS,
2173 2702 2352 2759 quam

154 2764 489 2839 agrestibus,
524 2764 767 2819 nudam.
848 2763 1004 2819 Tum
1035 2782 1213 2836 supra
1237 2764 1345 2819 hos
1372 2763 1646 2819 habitant
1671 2764 1913 2829 Budini,
1943 2765 2354 2839 insequentem

154 2848 400 2902 tenentes
434 2844 766 2918 regionem,
796 2842 1074 2897 arborum
1102 2842 1271 2899 omni
1298 2858 1513 2915 genere
1541 2840 1923 2915 frequentem.

220 2928 313 2979 ¹22.
342 2922 537 2995 Supra
577 2921 861 2985 Budinos,
893 2938 1089 2976 versus
1136 2921 1642 2993 septemtrionem,
1669 2922 1862 2993 primo
1901 2922 2194 2979 desertum
2243 2928 2352 2989 est,

154 3016 247 3071 per
286 3005 551 3076 quinque
606 3000 833 3055 dierum
876 2996 1006 3055 iter.
1090 2999 1233 3056 Post
1282 3000 1580 3055 desertum
1623 3016 1783 3064 vero,
1831 3002 2022 3073 magis
2067 3001 2354 3057 orientem

153 3096 357 3147 versus,
383 3082 779 3155 Thyssegetae
806 3078 1097 3143 habitant,
1126 3094 1445 3133 numerosa
1471 3094 1622 3151 gens
1661 3088 1720 3133 et
1759 3079 2013 3169 propria,
2041 3079 2354 3136 venatione

152 3160 429 3217 victitans.
518 3156 639 3215 His
664 3157 941 3249 contigui
958 3156 1208 3211 eodem
1192 3174 1253 3211 in
1282 3164 1474 3212 tractu
1499 3157 1772 3213 habitant
1797 3157 1900 3229 qui
1921 3156 2104 3232 Iyrcae
2131 3172 2355 3213 vocan-

152 3244 257 3304 tur,
280 3248 339 3295 et
367 3239 484 3315 ipsi
534 3236 853 3291 venatione
886 3236 1221 3292 victitantes
1266 3235 1373 3291 tali
1402 3235 1602 3291 modo.
1681 3235 1966 3293 Arbor-em
2010 3236 2356 3294 conscendit

152 3326 400 3384 venator,
430 3317 641 3388 ibique
666 3314 727 3369 in
756 3314 981 3370 insidiis
1009 3314 1189 3369 latet.
1234 3314 1563 3387 frequentes
1591 3320 1788 3369 autem
1829 3332 1933 3387 per
1973 3322 2160 3371 totam
2187 3314 2354 3375 inam

156 3397 441 3469 regionem
469 3395 715 3451 arbores
742 3401 903 3449 sunt.
984 3392 1107 3447 Sub
1146 3393 1353 3448 arbore
1382 3399 1596 3465 praesto
1637 3400 1727 3449 est
1765 3410 1973 3466 equus,
2001 3394 2062 3451 in
2087 3401 2354 3451 ventrem

154 3476 533 3545 procumbere
562 3472 827 3536 edoctus,
859 3488 979 3544 quo
1004 3488 1185 3543 quam
1212 3470 1459 3527 minime
1505 3490 1538 3527 e
1577 3480 1732 3527 terra
1757 3472 2034 3538 emineat,
2081 3482 2140 3529 et
2173 3468 2356 3542 juxta

153 3568 355 3625 equum
382 3554 569 3610 canis.
618 3548 777 3605 Ubi
818 3567 893 3605 ex
940 3550 1147 3605 arbore
1184 3549 1369 3605 feram
1422 3550 1602 3605 homo
1645 3552 1973 3641 conspexit,
2011 3568 2148 3607 arcu
2193 3552 2354 3622 ferit,

152 3644 397 3707 moxque
426 3632 598 3689 illam
626 3644 947 3684 conscenso
988 3644 1143 3701 equo
1184 3628 1568 3700 persequitur,
1596 3636 1655 3682 et
1683 3630 1844 3685 canis
1881 3627 2132 3685 inhaeret
2177 3632 2356 3685 vesti-.-

151 3711 271 3783 giis.
350 3712 553 3784 Supra
581 3709 687 3763 hos
716 3724 937 3773 rursus,
964 3709 1253 3763 orientem
1298 3714 1647 3779 spectantes»,
1679 3707 1952 3763 habitant
1977 3708 2080 3765 alii
2101 3705 2352 3781 Scytha,

153 3790 239 3861 qui
264 3790 339 3846 ab
364 3792 541 3863 regiis
564 3785 783 3859 Scythis
808 3786 1168 3853 defecerunt,
1196 3792 1257 3841 et
1284 3785 1407 3840 haee
1436 3788 1498 3841 in
1529 3786 1662 3841 loca
1687 3787 2036 3860 migrarunt.

222 3872 315 3925 23.
358 3868 449 3926 Ad
482 3868 697 3922 horum
724 3865 911 3939 igitur
930 3882 1119 3937 usque
1142 3863 1492 3935 Scytharum
1518 3866 1844 3938 regionem,
1873 3865 2146 3921 universa
2169 3880 2353 3937 quam

152 3945 561 4023 descripsimus
588 3952 743 3999 terra
768 3944 945 4016 plana
982 3952 1071 3999 est
1112 3950 1173 3999 et
1218 3943 1497 4019 humilis:
1543 3944 1616 3998 ab
1661 3944 1796 4000 inde
1839 3960 1976 3999 vero
2021 3950 2252 4015 petrosa
2295 3954 2357 4003 et

156 4041 362 4098 aspera.
448 4024 771 4098 Peragrato
796 4030 993 4078 autem
1024 4017 1199 4091 hujus
1226 4036 1445 4094 asperae
1491 4030 1658 4077 terrae
1679 4023 1862 4095 longo
1889 4030 2101 4086 tractu,-
2131 4020 2353 4081 radice·

158 4103 399 4163 altorum
440 4104 743 4161 montium
799 4100 1067 4157 habitant
1110 4100 1402 4165 homines,
1450 4101 1551 4173 qui
1599 4100 1740 4156 inde
1781 4118 1816 4155 a
1859 4098 2168 4157 nativitate
2211 4104 2356 4164 calvi

154 4192 289 4241 sunt
316 4198 551 4251 omnes,
576 4196 769 4243 mares
796 4179 1009 4255 pariter
1036 4186 1211 4254 atque
1239 4179 1518 4247 foeminae,
1547 4186 1608 4235 et
1631 4181 1766 4235 simo
1791 4194 1932 4235 naso
1947 4172 2230 4265 menteque
2246 4182 2350 4246 ob,
