2925 4992
1006 252 1493 321 GALLIOPE.
2229 263 2357 322 ⁴29·

176 422 220 455 “
242 426 307 475 ut
326 424 553 479 mortuo
594 414 903 487 insum,
932 426 995 477 et
1028 436 1129 477 me
1164 421 1273 488 ais,
1300 422 1358 479 id
1398 422 1450 478 si
1495 418 1710 489 fecero,
1737 416 1952 477 melius
1991 418 2351 477 auditurum.

172 502 212 529 “
236 496 503 554 Barbaros
528 498 641 558 hoe
672 500 865 556 facere
900 499 1089 565 decet,
1120 516 1241 557 non
1269 501 1542 557 Graecos:
1587 509 1765 575 atque
1809 499 1941 554 illos
1973 498 2092 555 *hoc
2117 500 2360 559 nomine

174 581 213 607 “
236 576 468 634 odimus.
544 576 683 651 Ego
710 578 971 653 quidem,
994 577 1155 651 quod
1186 578 1259 635 ad
1288 579 1403 635 lioc
1442 578 1693 644 adtinet,
1723 594 1830 633 nec
1853 576 2148 653 AEginetis
2173 576 2354 635 velim

174 659 215 686 “
237 654 473 727 plaeere,
502 672 609 711 nec
632 658 1103 730 quibuscumque
1128 657 1273 713 talia
1300 659 1569 731 placent.
1617 657 1946 727 sufficitque
1971 656 2143 724 mihi,
2167 654 2355 711 Lace·

175 731 532 791 “demoniis
582 736 831 808 placere,
858 744 1057 791 sancte
1096 744 1394 811 agentem,
1423 742 1740 810 sancteque
1759 734 2118 807 loquentem.
2194 734 2354 791 Leo·

170 810 379 867 f‘nidoe
400 828 563 877 vero,
590 830 766 886 quem
792 821 861 869 tu
884 830 982 869 me
1016 808 1193 883 jubes
1230 815 1458 882 ulcisci,
1481 822 1630 888 puto
1655 810 1968 887 magni-fiee
1996 826 2121 869 esse
2145 829 2354 887 paren-

174 894 214 924 ’ὅ
236 896 453 946 tatum:
494 908 629 947 nam
659 891 1175 948 innumerabilium
1214 891 1425 949 horum
1469 893 1628 949 caede
1651 893 1940 948 ultionem
1969 898 2028 947 et
2051 892 2178 966 ipse
2203 890 2356 971 obti-
2430 888 2436 894 “

172 972 213 999 “
238 967 357 1024 nuit
378 977 439 1025 et
464 971 678 1026 caeteri
684 971 785 1044 qui
821 970 895 1025 ad
933 970 1359 1045 'lhermopylas
1401 970 1825 1027 occubuerunt.
1907 970 2167 1026 Omnino
2191 970 2355 1035 vere,

176 1046 375 1103 “talia
396 1049 805 1122 propositurus
826 1052 933 1103 aut
971 1064 1247 1105 suasurus
1286 1050 1407 1106 noli
1450 1066 1625 1123 porro
1661 1066 1912 1105 meum1
1893 1048 1953 1105 in
1977 1055 2356 1122 conspectum

172 1128 213 1255 l‘
210 1140 451 1261 13²¹ae
496 1135 558 1183 et
602 1123 823 1201 gratias
866 1125 1041 1193 habe,
1088 1128 1248 1199 quod
1285 1128 1598 1185 incolumis
1645 1127 1902 1185 abeas!”
1963 1126 2076 1183 His
2116 1124 2358 1191 auditis,

168 1200 189 1256 i
340 1205 2380 1263 acessit..

238 1283 325 1339 80.
360 1281 501 1339 Jam
548 1281 889 1350 Pausaniae,
912 1284 1217 1357 proposito
1262 1302 1365 1358 per
1410 1302 1738 1359 praeconem
1781 1282 1996 1349 edicto,
2025 1302 2096 1339 ne
2135 1287 2256 1357 quis
2294 1282 2362 1339 de

162 1358 337 1430 praeda
362 1362 657 1433 quidquam
694 1368 962 1435 tangeret,
993 1362 1201 1417 hilotas
1240 1359 1421 1433 jussit
1471 1363 1726 1436 pretiosa
1771 1362 2067 1437 colligere.
2147 1362 2226 1418 Et
2251 1362 2360 1431 im,

165 1450 262 1509 per
282 1446 469 1495 eastra
486 1440 898 1505 discurrentes,
918 1442 1171 1496 tentoria
1195 1441 1550 1499 invenerunt
1575 1460 1718 1497 auro
1739 1449 2097 1514 argentoque
2117 1442 2358 1515 repleta,

166 1514 441 1591 lectosque
472 1536 619 1577 auro
644 1527 707 1574 et
742 1526 993 1593 argento
1032 1518 1344 1586 obductoS,
1370 1528 1433 1576 et
1473 1528 1722 1577 crateres
1768 1534 1996 1585 aureos,
2025 1528 2084 1574 et
2109 1518 2360 1593 phialas,

166 1592 379 1667 aliaque
414 1597 669 1669 pocula.
712 1596 1109 1671 plaustrisque
1152 1597 1461 1695 impositos
1505 1598 1857 1654 invenerunt
1895 1612 2115 1663 saccos,
2145 1600 2206 1654 in
2232 1598 2362 1671 qui’-

166 1670 269 1729 bus
306 1673 527 1733 lebetes
572 1682 739 1731 erant
766 1675 927 1731 aurei
974 1682 1033 1729 et
1080 1677 1382 1747 argentei.
1410 1677 1696 1750 denique
1748 1675 1944 1731 stratis
1987 1674 2362 1738 cadaveribus

168 1750 407 1809 armillas
433 1754 839 1819 detraxerunt,
868 1760 930 1808 et
956 1759 1214 1825 torques,
1246 1762 1305 1810 et
1337 1755 1623 1821 acinaces,
1651 1754 1754 1825 qui
1795 1754 1937 1808 item
1965 1754 2124 1809 aurei
2151 1764 2358 1813 erant:

168 1830 329 1885 vestis
354 1833 519 1888 euim
542 1832 871 1906 variegatae
904 1846 983 1886 ne
1028 1832 1173 1886 ratio
1209 1832 1451 1905 quidem
1498 1832 1625 1888 ulla
1671 1830 2009 1890 habebatur.
2089 1830 2180 1889 lbi
2217 1842 2392 1896 tuno-

168 1908 345 1965 multa
390 1910 556 1967 furto
608 1910 1018 1965 subtrahentes
1070 1908 1273 1966 hilotae
1324 1910 1720 1967 vendiderunt
1769 1909 2108 1985 AEginetis·
2173 1912 2367 1971 multa

172 2000 301 2047 vero
326 1988 500 2045 etiam
546 1986 1047 2081 representabant,
1074 2004 1463 2063 quaecumque
1503 1989 1856 2045 abscondere
1883 2004 2004 2043 non
2029 1996 2365 2062 potuerant.

172 2064 347 2157 Atque
386 2067 525 2126 hinc
573 2059 813 2123 initium
854 2082 1059 2139 cepere
1098 2066 1369 2141 ingentes
1398 2068 1821 2141 AEginetarum
1849 2067 2103 2124 divitiae:
2150 2070 2365 2145 quippe

170 2143 265 2217 qui
290 2160 523 2210 aarum,
554 2147 721 2218 quasi
744 2160 827 2200 aes
854 2153 1027 2209 esset,
1058 2144 1133 2199 ab
1160 2145 1359 2201 hilotis
1382 2152 1675 2201 emerunt.

176 2244 183 2249 ·
240 2226 329 2279 81.
368 2223 637 2281 &cuniis
666 2222 1019 2295 reliquisque
1048 2221 1221 2278 rebus
1265 2224 1534 2294 pretiosis
1579 2226 1644 2277 in
1693 2238 1883 2277 unum
1927 2220 2176 2291 collatis,
2209 2222 2365 2278 deci-

172 2314 317 2356 mam
342 2310 689 2358 exemerunt
714 2301 1004 2375 Delphico
1028 2300 1182 2355 deo·
1166 2324 1183 2369 3
1233 2317 1304 2355 ex
1333 2317 1450 2373 qua
1473 2317 1686 2357 aureus
1712 2301 1898 2372 tripus
1927 2298 2226 2355 dedicatus
2253 2310 2364 2367 est,

172 2378 264 2450 qui
294 2381 533 2454 tricipiti
578 2381 834 2453 serpenti
874 2396 1037 2435 aeneo
1078 2378 1294 2433 insistit
1335 2380 1607 2452 proxime
1633 2396 1836 2449 aram3
1881 2377 2023 2432 item
2051 2378 2366 2453 Olympico

172 2454 271 2512 deo
308 2456 596 2515 decimam
636 2464 1001 2522 exemerunt,
1032 2474 1103 2512 ex
1130 2472 1247 2529 qua
1274 2458 1442 2512 Jovis
1471 2474 1638 2513 aenea
1675 2463 1870 2511 statua
1896 2455 2096 2511 decem
2135 2456 2364 2511 cubito-

172 2548 291 2593 rum
314 2530 581 2605 dedicata
604 2544 730 2605 est,
776 2536 1029 2608 denique
1054 2536 1308 2591 Isthmio
1336 2537 1468 2601 dee,
1497 2535 1669 2591 unde
1690 2534 1965 2590 confecta
1991 2542 2077 2589 est
2105 2533 2366 2607 Neptuni

174 2628 319 2669 aenea
358 2624 557 2671 statua
604 2622 828 2689 septem
856 2614 1212 2670 cubitorum.
1282 2614 1430 2669 Hoec
1473 2622 1781 2688 postquam
1829 2630 2116 2679 exemere,
2144 2614 2372 2687 reliqua
2431 2672 2438 2676 ,

174 2688 317 2747 inter
354 2710 415 2752 se
456 2693 909 2762 distribuerunt,
950 2692 1185 2778 pellices
1232 2692 1565 2757 Persarum,
1593 2700 1652 2747 et
1680 2708 1914 2756 aurum,
1944 2700 2003 2747 et
2031 2700 2366 2767 argentum,

174 2774 231 2823 et
262 2768 401 2827 alias
434 2785 527 2828 res
568 2773 874 2843 pretiosas,
904 2780 962 2825 et
956 2766 1297 2850 jumenta.
1364 2777 1828 2843 acceperuntque
1865 2771 2080 2843 quique
2122 2786 2226 2843 pro
2259 2786 2369 2825 sun

176 2850 388 2905 merito.
469 2852 766 2911 Quaenam
794 2866 933 2903 vero
956 2828 1255 2921 praecipua
1290 2848 1426 2904 data
1452 2850 1571 2905 sint
1597 2848 1679 2902 eis
1695 2865 1958 2921 quorum
1987 2866 2105 2921 prae
2143 2848 2370 2905 casteria
2413 2908 2428 2919 ,

174 2924 349 2991 virtus
386 2928 668 2997 eminuit
700 2946 737 2984 a
766 2928 997 2983 nemine
1044 2936 1435 2982 memoratum
1470 2926 1729 2999 reperio:
1791 2933 1936 2999 puto
1963 2932 2160 2983 autem
2205 2926 2371 2997 equi-

92 3050 115 3059 „
176 3000 320 3070 dem,
349 3007 437 3063 his
462 3006 763 3079 pr-oeeipua
786 3005 1052 3077 quaedam
1082 3004 1219 3059 data
1242 3022 1385 3061 esse.
1466 3004 1775 3060 Pausanias
1819 3022 1954 3059 vero
1995 3004 2194 3061 omnia
2218 3003 2373 3060 dena

176 3082 377 3139 selecta
420 3084 678 3158 dataque
720 3093 886 3150 sunt,
929 3082 1223 3151 mulieres,
1266 3083 1422 3157 equi,
1473 3082 1712 3149 talenta,
1766 3082 1996 3149 cameli,
2045 3083 2374 3157 pariterque

176 3159 283 3215 alia
306 3164 578 3233 pretiosa.

246 3242 337 3295 82.
374 3241 641 3297 Narrant
682 3240 863 3297 etiam
906 3238 1019 3299 hoc
1066 3238 1383 3295 accidisse:
1434 3239 1715 3305 Xerxem,
1744 3256 1818 3297 ex
1859 3239 2089 3295 Graecia
2133 3237 2373 3313 fugien-

175 3320 307 3383 tem,
334 3314 757 3391 supellectilem
806 3335 975 3373 suam
1022 3318 1341 3376 Mardonio
1390 3319 1731 3391 reliquisse;
1777 3318 2122 3374 Pausaniam
2167 3317 2373 3391 igitur,

174 3406 351 3465 quum
378 3397 682 3455 Mardonii
728 3394 1049 3452 tentorium
1092 3396 1335 3451 vidisset
1374 3412 1516 3451 auro
1555 3405 1614 3454 et
1663 3404 1912 3470 argento
1962 3404 2022 3451 et
2061 3395 2374 3469 variegatis

176 3472 367 3531 aulaeis
394 3476 779 3541 instructum,
808 3476 1059 3548 pistores
1084 3482 1145 3529 et
1170 3490 1387 3545 coquos
1406 3472 1653 3545 jussisse
1696 3493 1894 3529 coenam
1930 3490 2134 3546 parare
2153 3489 2377 3545 prorsus

178 3552 403 3619 qualem-
426 3554 727 3613 Mardonio
770 3554 918 3608 soliti
958 3558 1131 3607 essent
1170 3555 1453 3608 instruere.
1533 3553 1708 3615 Quod
1752 3570 1935 3627 quum
1963 3552 2047 3607 ini
2075 3551 2375 3617 fecissent,

179 3634 301 3685 tum
326 3630 704 3698 Pausaniam,
733 3630 981 3687 lectulos
1006 3628 1305 3685 videntem
1337 3648 1547 3687 aureos
1575 3640 1634 3686 et
1659 3640 1970 3705 argenteos
1997 3631 2196 3703 pulcre
2223 3635 2374 3683 stra-

176 3712 287 3772 tos,
312 3716 371 3765 et
394 3726 631 3767 mensas
661 3726 867 3765 aureas
906 3717 968 3764 et
1006 3714 1339 3782 argenteas,
1369 3718 1428 3765 et
1455 3709 1880 3796 magnificum·
1866 3709 2041 3783 1psius
2069 3724 2246 3761 coenae
2271 3706 2377 3761 ad-

180 3793 462 3855 paratum,
492 3789 822 3861 propositas
840 3787 1199 3845 admiratum
1225 3786 1508 3853 lautitias,
1525 3783 1647 3857 joci
1691 3805 1898 3845 caussa
1938 3802 2078 3841 suos
2119 3782 2376 3840 famulos

175 3862 528 3923 Laconicam
582 3879 785 3939 parare
826 3882 1027 3921 coenam
1060 3862 1323 3934 jussisse.
1404 3868 1728 3939 Quumque
1770 3859 2028 3921 multum
2071 3864 2380 3920 interesset

174 3939 329 3997 inter
352 3952 677 4018 utrumque
726 3946 989 4018 epulum,
1034 3944 1322 3999 ridentem
1362 3944 1718 4001 Pausaniam
1757 3958 1993 3999 vocasse
2035 3942 2377 3999 Graecorum

180 4017 385 4090 ducem
430 4023 655 4094 eisque,
682 4030 753 4079 ut
792 4030 1216 4086 convenerunt,
1246 4023 1550 4096 utriusque
1592 4040 1770 4078 coenae
1811 4020 2157 4093 adparatum
2205 4036 2375 4077 mon-

180 4104 485 4169 stramem,
513 4101 761 4159 dixisse·
804 4106 847 4133 “
879 4100 1013 4159 Hoc
1042 4100 1315 4166 eonsiliO,
1344 4102 1532 4157 Graeci
1572 4099 1714 4157 xit-i!
1765 4116 1866 4155 vos
1895 4098 2236 4167 convocavi,
2262 4112 2377 4171 quo
