2925 4992
572 312 695 375 4⁴0
1122 306 1633 373 nunonem
1697 309 2066 373 nls'roR.
2121 304 2234 374 IX.

567 477 757 539 aum,
782 467 889 527 nbi
926 468 1145 538 illuxit,
1174 471 1604 529 Chersonesitae
1629 468 2088 531 Atheniensibus
2115 488 2150 528 e
2179 470 2440 529 turribus
2475 474 2733 549 significa*

570 562 728 617 runt,
756 556 1075 625 portasque
1098 550 1183 605 eis
1210 558 1582 623 aperuerunt.
1661 550 1922 624 Moxque
1943 546 2136 620 major
2163 551 2378 609 horum
2409 568 2534 625 pars
2569 570 2734 627 perse-¹

570 627 697 687 cuti
720 637 859 685 sunt
885 626 1193 703 profugos,
1218 628 1411 685 caeteri
1438 645 1578 684 vero
1599 628 1808 686 urbem
1831 636 2214 699 occuparunt.

656 710 786 764 119.
824 705 905 763 Et
930 706 1279 763 OEobazum
1304 705 1568 779 quidem,
1595 723 1780 778 quum
1809 708 1870 763 in
1893 705 2206 763 Thraciam
2243 706 2508 782 fugisset,
2531 714 2740 780 captum

570 781 824 843 Thraces
848 784 1141 841 Absinthii
1170 783 1459 839 Pleistoro
1483 783 1780 859 indigenae
1805 785 1916 841 deo
1939 792 2272 842 mactarunt
2303 802 2410 841 suo
2436 802 2619 852 more;
2643 802 2738 841 cae·

574 869 733 921 teron
756 868 980 929 autem,
1006 864 1111 937 qui
1136 877 1275 918 eum
1302 878 1375 919 eo
1400 870 1592 927 erant,
1617 863 1736 919 alio
1761 862 1940 935 modo
1969 862 2406 919 interfecerunt.
2479 866 2742 936 Artayctes
2809 934 2812 937 ᾗ

574 956 715 999 vero
740 958 876 999 cum
904 942 1047 1007 suis,
1072 939 1171 1015 qui
1218 948 1353 1013 post
1392 940 1527 995 illos
1567 941 1806 997 demum
1849 941 2056 1015 fugam
2099 938 2542 1015 capessiverant,
2565 940 2738 1015 depre-

574 1018 747 1077 hensi
769 1037 957 1093 quum
996 1018 1198 1093 paullo
1222 1017 1381 1073 ultra
1400 1017 1596 1092 AEgos
1622 1020 1900 1075 Potamos
1931 1026 2130 1075 essent
2172 1020 2481 1095 progressi,
2506 1020 2632 1074 satis
2655 1018 2742 1073 diu

575 1098 991 1167 restituerunt3
1024 1096 1232 1166 donee,
1250 1092 1379 1152 aliis
1394 1096 1740 1162 interfectis,
1759 1096 1951 1153 eaeteri
1971 1096 2090 1151 vivi
2107 1098 2264 1170 capti
2279 1106 2416 1155 sunt
2441 1120 2455 1153 ε
2485 1104 2618 1170 quos
2632 1096 2742 1150 viu·
2857 1104 2859 1113 ·

575 1182 712 1262 etos·
726 1170 959 1267 Sestum
977 1174 1363 1231 Athenienses
1390 1174 1712 1243 duxerunt,
1729 1178 1790 1231 tn
1817 1175 2027 1248 hisque
2051 1175 2247 1249 ipsum
2273 1174 2745 1248 etiamArtaycten

574 1262 635 1310 et
660 1254 1283 1405 1lviii.filliis'irliorantque
1312 1331 1763 1398 Chersonesitae,
1789 1333 1896 1389 uni
1935 1350 2008 1390 ex
2049 1334 2155 1400 eis,
2179 1331 2282 1405 qui
2317 1331 2542 1390 vinctos
2577 1336 2748 1388 msto-

578 1408 839 1475 dicebant,
866 1426 1055 1482 quum
1080 1410 1431 1467 salsamenta
1454 1427 1634 1503 super
1669 1410 1808 1486 igne
1843 1418 2108 1477 torreret,
2135 1410 2472 1486 prodigium
2499 1409 2748 1483 obtigisse
2857 1406 2859 1435 ³

578 1482 958 1557 hujusmodi:
1004 1488 1357 1545 salsamenta
1380 1488 1508 1564 igni
1531 1489 1812 1563 imposita
1841 1488 2236 1545 subsiliebant
2273 1488 2743 1564 pulpitabuntque,

578 1566 765 1621 veluti
794 1582 995 1621 recens
1022 1567 1178 1641 capti
1214 1566 1418 1639 pisces.
1497 1566 1676 1628 Quod
1717 1566 1938 1623 factum
1965 1582 2150 1640 quum
2191 1567 2536 1624 mirarentur
2571 1563 2748 1637 reliqui

580 1642 969 1709 adcurrentes,
1012 1645 1330 1717 Artayctes,
1370 1652 1438 1701 ut
1481 1644 1626 1700 vidit
1671 1644 2032 1728 prodigium,
2073 1645 2442 1716 compellans
2481 1644 2744 1701 hominem

577 1722 931 1781 salsamenta
972 1729 1311 1787 torrentem,
1353 1722 1472 1777 ait:
1518 1728 1564 1754 “
1595 1722 1826 1795 Hospes
1866 1721 2275 1781 Atheniensis!
2323 1740 2446 1779 non
2491 1729 2574 1779 est
2619 1717 2749 1795 quod

582 1806 626 1831 ⁸‘
654 1806 723 1857 tu
771 1800 885 1857 hoc
932 1799 1199 1875 prodigio
1240 1800 1524 1856 terrearis.
1603 1799 1744 1857 Non
1789 1801 1963 1859 enim.
1995 1796 2106 1855 tibi
2147 1799 2296 1857 illud
2338 1800 2630 1874 adparuit:
2665 1794 2748 1853 sed

584 1882 631 1911 ‘⁸
654 1877 807 1939 mihi
848 1878 1222 1944 Protesilaus,
1248 1877 1351 1951 qui
1388 1876 1662 1933 Elaeunte
1701 1884 1811 1944 est,
1839 1877 2151 1951 significat,
2183 1894 2247 1933 se
2275 1878 2458 1935 etiam
2485 1884 2752 1935 mortuum

583 1961 630 1988 “
658 1962 719 2011 et
748 1954 868 2011 sale
906 1956 1240 2021 eonditum,
1268 1956 1393 2011 vim
1430 1956 1644 2011 habere
1669 1973 1734 2013 se
1759 1974 1798 2010 a
1821 1954 1932 2011 diis
1968 1955 2252 2011 tributam
2291 1956 2538 2015 nocendi
2565 1956 2646 2011 his
2667 1952 2750 2025 qui

580 2038 625 2067 “
654 2029 871 2103 injuria
900 2034 1069 2089 illum
1098 2032 1457 2089 adfecerunt.
1535 2032 1712 2091 Nune
1752 2034 1938 2108 igitur
1961 2050 2076 2108 ego
2113 2034 2270 2090 hanc
2293 2035 2446 2091 mihi
2483 2034 2598 2107 ipse
2618 2031 2749 2087 mul-

583 2115 631 2142 “
654 2117 835 2175 ctam,
864 2126 980 2183 qua
1030 2109 1313 2168 redimam
1354 2112 1616 2183 culpam,
1643 2112 1780 2166 volo
1825 2112 2124 2185 irrogare:
2173 2128 2280 2183 pro
2320 2113 2598 2169 thesauris
2631 2125 2750 2183 quos

582 2190 627 2221 “
656 2204 730 2245 ex
756 2186 915 2245 illius
941 2188 1165 2261 templo
1192 2187 1429 2253 abstuli,
1456 2195 1690 2244 centum
1719 2188 1942 2245 talenta
1965 2188 2076 2245 deo
2111 2190 2338 2245 solvam
2363 2216 2383 2260 3
2429 2208 2532 2265 pro
2553 2206 2642 2247 me
2663 2204 2748 2242 au-

584 2272 634 2299 ‘'
656 2274 780 2323 tem
808 2274 867 2323 et
910 2283 1015 2341 pro
1056 2266 1181 2321 filio
1222 2282 1357 2321 meo
1396 2265 1654 2322 ducenta
1696 2266 1918 2323 talenta
1962 2265 2216 2339 pendam
2242 2268 2688 2333 Atheniensibus,
2712 2260 2752 2319 si

584 2350 629 2379 “
654 2345 849 2401 salvos
897 2361 1007 2401 nos
1060 2343 1361 2413 dimittere
1410 2344 1764 2401 voluerint.’'
1845 2344 1994 2401 Haec
2041 2344 2141 2401 ille
2191 2341 2751 2419 pollicitus,·praetori

582 2420 929 2497 Xanthippo
984 2438 1101 2479 non
1167 2422 1486 2494 persuasit!
1549 2422 1728 2489 Nam,
1760 2422 2067 2489 Elaeuntii,
2121 2422 2442 2483 ulciscendi
2495 2418 2752 2481 Protesilai

582 2516 813 2567 caussa,
840 2509 909 2559 ut
938 2500 1223 2575 supplicio
1248 2501 1347 2556 ille
1368 2500 1733 2566 adficeretur,
1761 2513 2050 2575 rogarunt
2072 2524 2089 2570 3
2135 2508 2194 2556 et
2222 2503 2412 2575 ipsius
2439 2505 2606 2559 etiam
2631 2517 2754 2573 prae-

582 2578 727 2637 toris
753 2580 814 2635 in
838 2580 993 2635 hanc
1020 2585 1245 2652 partem
1276 2578 1656 2635 inclinaverat
1681 2580 1992 2636 sententia.
2073 2578 2282 2651 Itaque
2319 2581 2496 2641 illum
2535 2582 2592 2637 in
2613 2580 2751 2634 littus
2859 2580 2861 2627 ;

584 2656 887 2724 eductum,
914 2658 975 2713 in
1004 2654 1157 2729 quod
1198 2656 1604 2728 pertinuerant
1643 2664 1854 2730 pontes
1881 2676 1917 2713 a
1941 2656 2140 2713 Xerxe
2171 2652 2394 2727 juncti,
2425 2660 2544 2715 sive
2571 2659 2652 2731 (ut
2673 2652 2754 2709 alii
2859 2674 2861 2725 ξ

586 2735 951 2807 memorant)
985 2734 1047 2789 in
1074 2732 1289 2791 collem
1316 2750 1505 2807 supra,
1520 2734 1833 2809 Madytum
1862 2734 2144 2809 oppidum
2171 2736 2384 2803 situm,
2413 2737 2584 2793 clavis
2609 2730 2754 2789 asseri
2859 2738 2861 2781 i

584 2812 845 2870 adfixum
874 2810 1305 2885 suspenderunt
1321 2828 1341 2881 3
1384 2819 1445 2869 et
1475 2812 1665 2869 filium
1690 2808 1820 2883 ejus
1847 2814 1906 2869 in
1949 2813 2130 2887 patris
2157 2814 2453 2889 Artayctoe
2477 2816 2756 2885 conspeetu

581 2890 871 2965 lapidibus
894 2890 1229 2947 obruerunt.
1402 2901 1407 2905 ·

666 2973 799 3027 121.
836 2969 953 3026 His
1002 2968 1175 3025 rebus
1216 2967 1419 3045 gestis,
1457 2974 1612 3025 retro
1659 2970 1724 3027 in
1761 2970 2050 3027 Graeciam
2091 2972 2481 3047 navigarunt,
2515 2967 2756 3045 pecunias
2859 3024 2861 3039 ἰ

580 3048 813 3121 aliaque
836 3048 1087 3121 pretiosa
1115 3062 1315 3105 secum
1346 3047 1646 3114 vehentes,
1675 3055 1852 3121 atque
1873 3050 2066 3107 etiam.
2094 3052 2372 3123 pontium
2404 3051 2752 3110 armamenta,

578 3143 715 3200 quae
738 3127 799 3183 in
826 3126 1062 3199 templis
1086 3123 1351 3181 dedicare
1378 3127 1827 3183 constituerunt.
1905 3128 2100 3201 Atque
2129 3127 2244 3187 hoc
2265 3147 2434 3187 anno
2461 3128 2596 3186 nihil
2631 3139 2754 3199 prae·

580 3213 741 3263 terea
766 3202 1147 3261 memorabile
1174 3209 1411 3276 gestum
1438 3211 1546 3260 est.

666 3286 795 3338 122.
836 3278 1035 3350 Hujus
1079 3281 1371 3353 Artayetae
1414 3298 1447 3335 e
1489 3282 1660 3338 trabe
1707 3285 1978 3357 suspensi
2030 3285 2378 3359 progenitor
2423 3282 2755 3343 Artembares

581 3360 716 3426 fuit,
744 3359 792 3415 is
820 3360 921 3433 qui
949 3359 1135 3449 Persis
1162 3363 1367 3413 auctor
1390 3357 1588 3415 fuerat
1613 3362 1923 3427 sermoniS,
1953 3378 2128 3435 quem
2157 3363 2246 3420 illi
2271 3364 2606 3437 arripientes
2629 3360 2756 3431 Cyro

1627 3439 1640 3451 ⁰
1763 3454 1779 3469 ο
1836 3446 1878 3471 ‘C
2085 3441 2098 3455 ⁸
2384 3443 2396 3457 ⁶

579 3444 1167 3591 ξῖῗῦζῗζὲἓὲῗηὲειξέα
1185 3436 1834 3586 liffigeeiiilirietiiiiiii'dib
1877 3441 2232 3592 ειΟῗιῖ-ἒθξιω
2239 3436 2757 3577 tiliiiffioeiionsiilri'iliiitg

582 3600 623 3627 “
651 3592 781 3661 tibi,
830 3597 981 3666 Cyre
1004 3618 1021 3663 3
1066 3610 1198 3669 age,
1240 3609 1433 3665 quum
1479 3601 1694 3651 terram
1749 3596 2146 3668 possideamus
2199 3597 2502 3673 exiguam,
2545 3606 2756 3665 eamque

581 3678 627 3705 “
659 3688 947 3747 asperam,
984 3672 1095 3727 hac
1140 3668 1340 3727 relicta
1382 3670 1558 3727 aliam
1600 3672 1936 3731 habitemus
1981 3674 2324 3732 meliorem!
2387 3678 2544 3731 Sunt
2589 3679 2756 3729 autem

580 3757 624 3784 “
654 3751 858 3824 multas
886 3749 1028 3806 tales
1064 3749 1125 3812 in
1167 3748 1518 3822 propinquo,
1547 3750 1753 3807 multae
1791 3751 1970 3809 etiam
2009 3752 2501 3828 longinquiores:
2541 3760 2755 3825 quarum
2787 3792 2795 3803 .

580 3835 624 3863 “
650 3829 702 3886 si
728 3845 913 3887 unam
940 3826 1439 3899 occupaverimus,
1466 3826 1738 3900 pluribus
1778 3827 2116 3887 hominibus
2141 3830 2520 3889 admirationi
2553 3828 2757 3885 erimus·
2817 3856 2823 3869 ·

579 3913 623 3941 “
649 3906 837 3965 Decet
862 3914 1061 3963 autem
1103 3904 1214 3959 hoc
1239 3902 1429 3961 facere
1464 3905 1620 3963 viros
1661 3907 2060 3981 principatum
2101 3915 2371 3967 tenentes
2399 3932 2413 3965 ε
2460 3916 2520 3965 et
2553 3900 2756 3980 quaudo

581 3990 627 4017 “
657 3984 893 4041 tandem
920 3983 978 4040 id
1006 3983 1133 4039 fieri
1156 3982 1526 4039 commodius
1553 3986 1766 4057 poterit
1789 4002 1971 4059 quam
2000 4004 2178 4052 nunc,
2207 3987 2311 4047 ubi
2338 3993 2430 4047 tot
2454 3980 2756 4043 hominibus

581 4068 625 4095 “
656 4069 717 4117 et
754 4061 1032 4119 universae
1074 4059 1228 4117 Asiae
1268 4060 1630 4133 imperamus
1647 4065 1705 4118 ’θ’
1733 4064 1982 4124 Quibus
2023 4064 2238 4122 auditis
2285 4066 2500 4138 Cyrus,-
2538 4058 2755 4117 minime

581 4139 831 4218 probans
858 4138 1247 4215 propositum,
1278 4140 1318 4171 “
1345 4134 1590 4197 Faciant
1612 4140 1726 4198 hoc
1747 4140 1805 4198 !”
1839 4142 1960 4215 ait3
1993 4150 2034 4177 “
2057 4143 2240 4205 simul
2265 4160 2404 4201 vero
2429 4140 2516 4201 ita
2537 4156 2598 4197 se
2617 4149 2754 4195 com-
