2925 4992
577 318 698 371 που
761 274 768 283 ’
1155 301 1649 365 ΗΕιιοιιοΤι
1716 303 2085 366 msToR.
2147 304 2256 362 vl.

562 476 740 526 runt.
793 465 874 523 Et
899 466 982 532 hi,
1011 463 1218 523 urbem
1243 463 1515 539 ingrcssi,
1532 462 1755 537 templa
1780 461 2109 537 spoliarunt
2124 462 2627 539 incenderuntque,
2644 480 2750 536 ραι-

579 564 726 605 nam
747 544 900 603 hanc
924 550 1249 618 repetentes
1275 544 1356 599 ob
1383 541 1605 615 templa
1628 540 1905 599 Sardibus
1928 551 2222 611 cremata5
2270 542 2535 599 homines
2556 548 2751 607 autem,

581 635 653 685 ut
669 621 928 695 jusserat
953 623 1193 686 Darius,
1219 621 1280 677 in
1305 622 1647 677 servitutem
1678 621 2107 677 abstraxerunt.

671 708 799 759 109..
843 702 1098 759 Subacta
1119 700 1374 765 Eretria,
1405 699 1615 765 Persae,
1632 716 1957 774 paucorum
1980 695 2209 755 dierum
2236 698 2579 772 interposita
2596 716 2756 765 mora,

583 785 646 841 in
677 782 930 839 Atticam
959 780 1340 855 navigarunt,
1368 795 1613 853 magnas
1654 780 1716 835 in
1752 778 2055 850 angustias
2082 778 2435 834 adducentes
2460 778 2755 835 Athenien-

587 880 702 926 ses,
729 860 1170 935 cogitantesque
1191 856 1398 913 eodem
1425 856 1603 913 modo
1630 874 1771 913 cum
1792 855 1909 911 illis
1928 874 2103 930 agere
2123 866 2305 929 atque
2328 874 2467 913 cum
2495 856 2759 919 Eretrien-

587 937 748 997 sibus
797 938 1068 1013 egissent.
1148 936 1473 1007 Quumque
1515 934 1817 991 Marathon
1865 944 2016 991 esset
2064 935 2245 990 totius
2286 936 2501 991 Atticas
2536 935 2760 991 maxime

585 1024 952 1093 opportunus
975 1013 1266 1090 equitibus
1311 1013 1495 1079 locus,
1524 1023 1583 1069 et
1626 1014 1927 1087 proximus
1970 1013 2045 1070 ab
2070 1013 2320 1081 Eretria,
2348 1014 2411 1069 in
2442 1015 2599 1071 hunc
2622 1030 2757 1069 cam·-

569 1115 734 1171 .pum
759 1096 896 1153 illos
919 1093 1162 1151 deduxit
1189 1089 1463 1185 Hippias,
1494 1089 1779 1149 Pisistrati
1806 1091 1979 1149 filius.

644 1174 980 1235 -103.Qua
1007 1190 1066 1229 re
1091 1170 1348 1246 cognita,
1377 1171 1753 1228 Athenienses
1802 1169 1979 1227 etiam
2026 1168 2138 1245 ipsi
2179 1170 2535 1227 Marathona
2555 1170 2759 1227 obviam

547 1272 552 1281 ·
591 1252 860 1309 hostibus
887 1250 1105 1341 egressi
1131 1258 1287 1309 sunt.
1368 1248 1689 1306 Duxerunt
1727 1257 1923 1305 autem
1968 1249 2099 1305 illos
2138 1250 2340 1306 decem
2368 1250 2756 1323 imperatores·
2744 1291 2758 1318 ,

591 1348 840 1405 quorum
883 1326 1142 1387 decimus
1169 1328 1452 1385 Miltiades
1492 1336 1635 1394 erat,
1678 1328 1727 1384 is
1768 1321 1859 1395 cuj
1871 1344 1937 1383 us
1980 1328 2129 1400 patri
2171 1328 2433 1391 Cimoni,
2476 1325 2765 1404 Stesagorae

593 1411 736 1475 filio,
766 1408 1071 1473 acciderat,
1101 1415 1166 1462 ut
1209 1424 1246 1461 a
1293 1406 1619 1471 Pisistrato,
1652 1406 2029 1481 Hippocratis
2070 1407 2217 1472 filio,
2247 1406 2493 1463 Athenis
2538 1410 2597 1463 in
2636 1407 2764 1463 exsi-

591 1491 743 1547 lium
771 1488 1098 1561 pelleretur.
1167 1483 1491 1557 Eidemque
1512 1484 1856 1559 contigerat,
1887 1492 1958 1539 ut
1980 1486 2151 1541 exsul
2182 1486 2483 1543 victoriam
2512 1485 2768 1560 Olympia!

595 1574 918 1641 reportaret
963 1563 1382 1638 quadrigarum
1426 1563 1755 1633 curriculo,
1802 1580 1978 1636 quem
2026 1564 2303 1621 eumdem
2351 1564 2631 1621 honorem
2662 1562 2770 1634 jam

573 1654 736 1703 ‚ante
759 1660 892 1701 eum
923 1642 1144 1699 frater
1131 1641 1310 1715 ipsius
1337 1643 1601 1697 uterinus
1628 1606 1927 1699 Miltiades
1956 1649 2081 1698 erat
2118 1650 2493 1699 consecutus.
2568 1642 2767 1700 Deinde

596 1742 756 1789 vei-0,
783 1722 1049 1796 sequenti
1075 1719 1444 1795 Olympiade,
1471 1736 1655 1794 quum
1676 1719 1894 1777 eisdem
1924 1722 2089 1793 equis
2113 1721 2274 1777 idem
2298 1722 2516 1778 Cimon
2542 1718 2768 1785 vicisset,

595 1804 901 1861 Pisistrato
951 1799 1260 1867 concessit,
1290 1816 1358 1855 ut
1403 1799 1452 1855 is
1496 1798 1683 1855 victor
1729 1800 2212 1871 renunciaretur3
2260 1808 2319 1857 et
2363 1800 2445 1855 ob
2495 1800 2767 1873 victoriam

597 1882 739 1939 huic
765 1896 1126 1945 concessam,
1153 1896 1228 1933 ex
1251 1878 1523 1951 pactione
1572 1894 1712 1933 cum
1754 1876 1859 1932 illo
1894 1873 2059 1944 inita,
2089 1879 2151 1935 in
2178 1879 2429 1951 patriam
2458 1888 2547 1935 est
2570 1878 2772 1935 restitu-

579 1969 711 2023 tus.
789 1959 1094 2015 Postremo
1135 1955 1312 2021 idem,
1339 1972 1527 2027 quum
1566 1952 1787 2013 eisdem
1826 1955 1991 2029 equis
2032 1956 2206 2013 aliam
2252 1974 2459 2015 rursus
2502 1957 2773 2015 victoriam

596 2045 952 2112 reportasset
1002 2031 1394 2109 Olympicum,
1445 2032 1595 2089 obiit
1646 2034 1985 2091 interfectus
2038 2052 2074 2092 a
2130 2035 2265 2091 filiis
2315 2036 2622 2104 Pisistrati,
2668 2036 2775 2109 ipso

597 2117 904 2175 Pisistrato
947 2130 1068 2169 non
1107 2111 1362 2185 amplius
1401 2112 1466 2168 in
1515 2111 1665 2169 vivis
1706 2118 1961 2190 agente.
2003 2114 2423 2171 interfecerunt
2450 2115 2617 2171 illum
2640 2114 2771 2171 enim

599 2196 664 2252 hi
691 2212 871 2269 prope
898 2200 1264 2266 prytaneum,
1293 2199 1474 2247 noctu
1499 2180 1839 2247 hominihus
1864 2192 2215 2265 quibusdam
2254 2192 2327 2249 ad
2376 2193 2495 2251 hoc
2520 2193 2774 2251 suborna-

599 2275 698 2331 tis.
777 2271 1054 2347 Sepultus
1095 2277 1298 2345 autem
1320 2276 1410 2326 est
1437 2270 1653 2326 Cimon
1694 2278 1833 2327 ante
1869 2271 2097 2337 urbem,
2122 2272 2278 2327 ultra
2313 2272 2477 2329 viam
2522 2288 2649 2345 quae
2682 2270 2775 2327 Per

601 2353 832 2409 Cavum
859 2358 1138 2421 vocatur3
1184 2334 1244 2405 et
1287 2365 1362 2403 ex
1399 2349 1643 2404 adverso
1684 2348 1901 2422 sepulti
1942 2358 2079 2407 sunt
2120 2351 2189 2407 hi
2222 2352 2356 2422 equi
2384 2347 2669 2421 ejusdem,
2690 2349 2775 2421 qui

423 2470 432 2481 .
485 2480 492 2485 .
601 2444 720 2489 tres
747 2429 1086 2505 Olympicus
1115 2426 1444 2485 retulerunt
1470 2426 1762 2487 victorias.
1815 2427 2219 2485 Praestiterunt
2242 2425 2485 2503 quidem
2514 2429 2663 2487 idem
2685 2429 2779 2484 hoc

577 2509 702 2566 alii
749 2510 926 2565 etiam
969 2508 1124 2581 equi,
1170 2506 1461 2579 Evagorae
1512 2490 1977 2576 Lacetlaemonii3
2022 2507 2144 2573 sed,
2200 2516 2409 2581 praeter
2461 2510 2591 2575 hos,
2634 2506 2778 2567 nulli.

601 2588 887 2647 Filiorum
933 2586 1114 2659 igitur
1161 2583 1430 2639 Cimonis
1478 2591 1615 2640 natu
1661 2580 1869 2654 major,
1908 2585 2271 2660 Stesagoras,
2320 2602 2429 2659 per
2472 2587 2531 2667 id
2576 2596 2775 2657 tempus

605 2665 760 2739 apud
807 2672 1124 2737 patruum
1111 2660 1462 2723 {Miltiadem
1507 2663 1565 2719 in
1592 2662 1953 2721 Chersoneso
1994 2664 2387 2723 educabatur.
2441 2673 2581 2722 natu
2608 2665 2778 2721 minor
2808 2722 2823 2743 ι

603 2752 808 2801 autem
847 2742 998 2813 apud
1031 2740 1344 2797 Cimonem
1378 2740 1623 2797 Athenis
1650 2751 1793 2805 erat,
1806 2743 1918 2803 cui
1964 2760 2187 2816 nomen
2224 2743 2345 2801 fuit
2384 2743 2696 2811 Miltiades,
2720 2742 2777 2797 de

605 2818 800 2897 patrui
823 2817 1104 2876 Miltiadis
1135 2819 1386 2882 nomine,
1417 2819 1737 2875 conditoris
1763 2820 2132 2881 Chersonesi.

595 2948 600 2953 .
661 2906 822 2957 104.
863 2898 982 2955 Hic
1021 2898 1202 2973 igitur
1236 2906 1379 2953 tunc
1403 2897 1725 2967 Miltiades,
1751 2915 1935 2972 quum
1968 2917 2159 2974 nuper
2184 2918 2216 2957 e
2226 2902 2609 2975 Chersoneso
2632 2900 2781 2959 adve-

583 2980 809 3044 nisset,
827 2977 1236 3070 duplicemque
1257 2976 1554 3051 effugisset
1578 2984 1849 3055 mortem,
1876 2980 2195 3052 imperator
2211 2979 2325 3036 fuit
2342 2980 2778 3037 Atheniensium.

609 3058 803 3117 Simul
845 3057 1003 3112 enim
1031 3065 1090 3113 et
1115 3054 1442 3126 PhoeniceS,
1472 3072 1655 3128 usque
1702 3055 1775 3111 ad
1811 3057 2077 3115 Imbrum
2114 3058 2283 3114 illurn
2328 3060 2639 3133 persecuti,
2676 3064 2781 3113 stu-

607 3138 770 3192 diose
797 3153 1035 3208 operam
1063 3116 1361 3199 dederant,
1389 3140 1458 3189 ut
1484 3142 1751 3207 caperent
1776 3152 1914 3193 eum
1957 3145 2017 3194 et
2057 3137 2132 3193 ad
2173 3145 2375 3212 regem
2418 3139 2781 3195 abducerent.

608 3225 689 3281 et,
719 3224 1030 3287 postquam
1071 3214 1178 3268 hos
1219 3210 1450 3301 effugit,
1481 3212 1839 3299 domumque
1864 3214 2057 3287 rediit,
2076 3210 2204 3285 jam
2230 3218 2507 3289 protinus
2536 3215 2782 3273 eumdem

589 3299 956 3365 ,exceperant
982 3290 1313 3354 adversarii,
1339 3298 1398 3345 et
1425 3290 1483 3344 in
1510 3285 1799 3361 judicium
1814 3294 2121 3363 vocatum,
2149 3312 2311 3357 reum
2338 3313 2371 3350 e
2416 3307 2595 3353 erant
2614 3304 2784 3369 tyran-

609 3371 810 3429 nidis·
795 3389 854 3425 ιιι
880 3370 1242 3425 Chersoneso
1285 3370 1570 3425 exercitae.
1650 3372 1729 3425 At
1770 3374 1881 3427 hoc
1924 3388 2157 3446 quoque
2198 3373 2382 3432 libera
2456 3392 2483 3429 s
2532 3372 2779 3447 periculo,

610 3453 692 3507 ita
734 3448 973 3505 demum
1018 3447 1337 3521 imperator
1377 3456 1607 3503 creatus
1648 3457 1740 3505 est
1784 3450 2251 3521 Atheniensium,
2274 3449 2485 3526 populi
2524 3450 2785 3526 suffragiis

593 3530 848 3589 electus.

589 3658 596 3665 .
695 3610 824 3663 105.
863 3606 947 3673 Ac
989 3606 1244 3679 primum
1270 3606 1529 3679 quidem,
1558 3624 1741 3681 quum
1783 3607 1973 3665 adhuc
2015 3609 2078 3665 in
2126 3609 2275 3666 urbe
2316 3618 2517 3667 essent
2556 3610 2780 3683 impera-

609 3697 784 3752 tot-,es
830 3684 1098 3757 Spartam
1147 3685 1437 3741 miserunt
1479 3702 1809 3759 praeconem
1849 3684 2281 3761 Phidippidem,
2336 3688 2529 3757 civem
2569 3687 2779 3761 quidem

610 3764 1052 3828 Atheniensem,
1096 3769 1373 3819 eaeterutn
1427 3763 1905 3832 hemerodromum,
1934 3775 1995 3823 et
2037 3768 2149 3823 hoc
2191 3766 2503 3841 negotium
2543 3780 2785 3825 exercen-

594 3856 750 3913 tem.
830 3842 966 3907 Cui,
996 3849 1064 3897 ut
1091 3837 1324 3915 quidem
1368 3844 1493 3915 ipse
1536 3843 1745 3901 deinde
1782 3846 2037 3915 narravit
2056 3840 2461 3919 Phidippides,
2491 3844 2783 3903 Athenien-

595 3924 888 3999 ¹sibusque
914 3919 1295 3985 renunciavit,
1323 3921 1475 3975 circa
1502 3920 1881 3979 Parthenium
1907 3932 2189 3991 montem,
2218 3926 2317 3999 qui
2346 3942 2525 3997 supra
2546 3920 2781 3996 Tegeam

611 4010 724 4066 est,
753 4000 894 4057 deus
925 3998 1046 4055 Pan
1091 3997 1330 4053 obviam
1372 4009 1459 4053 est
1506 4000 1729 4069 factus;
1774 4003 2245 4077 compellatoque
2284 4003 2637 4059 nominatim
2662 3998 2781 4055 Phi·

613 4078 868 4152 dippide,
887 4073 1066 4148 jussit
1100 4093 1236 4133 eum
1278 4080 1597 4133 renunciare
1632 4080 2057 4148 Atheniensibus,
2088 4083 2298 4138 nullam
2339 4066 2461 4137 illos
2500 4084 2589 4137 sui
2622 4092 2783 4139 curm

608 4175 818 4235 gerere,
851 4174 1024 4231 quum
1066 4162 1244 4213 banaen
1289 4156 1416 4213 bene
1457 4158 1643 4249 cupiat
1679 4156 2113 4227 Atheniensibus,
2158 4180 2227 4217 ac
2257 4158 2384 4233 jam
2412 4178 2551 4233 ωερε
2592 4159 2657 4215 de
2692 4154 2785 4211 illis
