2925 4992
594 324 706 379 153
1143 314 1644 377 HERODOTI
1701 314 2068 377 HISTOR.
2113 316 2229 377 111.

670 472 802 535 100.
840 476 1107 535 Aliorum
1144 475 1429 535 Indorum
1456 475 1608 531 alius
1633 492 1766 533 mos
1791 482 1882 533 est
1921 470 2284 545 hujusmodi.
2359 478 2488 536 Nec
2511 476 2772 535 occidunt

582 560 914 615 animatum
940 556 1281 629 quidquam,
1311 572 1422 611 nec
1448 562 1778 611 sementem
1805 554 2054 623 faciunt,
2073 573 2180 613 nee
2203 556 2410 613 domos
2433 557 2626 613 solent
2649 574 2771 629 pos-

584 638 807 695 sidere:
860 636 1055 694 herbis
1096 644 1417 691 vescuntur
1434 657 1451 702 3
1501 640 1708 706 estque
1749 634 1833 689 eis
1877 650 2078 689 semen
2119 634 2438 708 quoddam,
2480 635 2628 690 milii
2663 635 2772 691 fere

584 715 1024 789 magnitudine,
1056 712 1319 769 folliculo
1346 712 1664 777 inclusum,
1693 718 1904 784 sponte
1927 730 1962 767 e
1997 722 2152 769 terra
2177 730 2446 781 nascens,
2473 712 2630 786 quod
2665 713 2770 769 col·

583 794 802 869 ligunt,
832 800 893 849 et
920 808 1059 849 cum
1100 790 1365 847 folliculo
1404 790 1622 845 elixum
1665 790 2004 845 comedunt.
2085 792 2144 845 Si
2175 793 2305 865 quis
2332 810 2402 847 ex
2431 793 2515 849 eis
2543 793 2602 849 in
2631 808 2772 847 mor-

585 872 731 929 bum
769 870 995 935 incidit,
1024 870 1149 937 abit
1172 870 1231 925 in
1272 871 1595 935 desertum,
1624 866 1822 942 ibique
1856 863 2056 939 jaeet3
2100 887 2296 943 neque
2335 872 2643 945 quisquam
2683 876 2776 925 aut

582 959 887 1009 mortuum
914 958 1102 1013 curat,
1130 956 1235 1005 aut
1262 959 1572 1024 aegrotum.

662 1022 796 1087 '101.
838 1029 1061 1085 Omnes
1091 1027 1177 1092 hi,
1204 1044 1352 1101 quos
1376 1026 1862 1091 commemoravi,
1885 1025 2024 1097 Iudi
2045 1026 2306 1083 foeminis
2331 1027 2652 1101 miscentur
2674 1043 2772 1099 pu-

582 1106 755 1173 blice,
784 1106 967 1163 veluti
1008 1105 1295 1180 pecudes3
1342 1113 1403 1161 et
1428 1106 1688 1161 colorem
1713 1104 1932 1161 habent
1967 1102 2220 1163 similem
2266 1107 2526 1163 maxime
2549 1105 2772 1163 AEthio-

582 1187 778 1263 pibus.
858 1187 1071 1241 Semen
1097 1190 1293 1239 autem
1329 1185 1586 1257 ipsorum
1632 1183 1888 1257 genitale
1929 1201 2074 1249 non,
2103 1184 2609 1257 quemadmodum
2645 1183 2772 1239 alio·

584 1283 717 1321 rum
762 1264 1097 1329 hominum,
1126 1262 1331 1319 album
1374 1270 1484 1327 est,
1521 1261 1620 1337 sed
1661 1262 1920 1336 nigrum,
1946 1263 2103 1319 ‚sicut
2139 1259 2397 1337 corporis
2435 1264 2629 1319 color:
2671 1262 2772 1315 tale

583 1361 723 1400 vero
766 1344 945 1416 etiam
988 1358 1187 1398 semen
1232 1340 1492 1415 genitale
1529 1334 1844 1412 AEthiopes
1887 1340 2084 1397 edunt.
2165 1341 2251 1397 Hi
2297 1341 2430 1397 Indi
2475 1340 2706 1415 longius
2741 1358 2774 1393 a

584 1419 775 1479 Persis
804 1420 1092 1487 habitant,
1118 1420 1423 1477 meridiem
1450 1434 1685 1487 νει-ειυς
1733 1425 1924 1492 neque
1947 1436 2230 1493 umquam
2257 1420 2426 1477 Darii
2471 1427 2772 1494 paruerunt

586 1518 667 1559 im
746 1518 849 1557 1⁸10.

670 1519 803 1637 {³32
844 1580 962 1637 Alii
986 1597 1127 1637 vero
1157 1578 1293 1635 Iud-i
1322 1578 1644 1651 Caspatyro
1669 1576 1806 1631 urbi
1831 1584 1892 1633 et
1919 1572 2204 1652 Paetyieae
2231 1576 2464 1652 regioni
2493 1585 2632 1635 sunt
2657 1578 2771 1633 fini-

585 1660 737 1724 timi,
766 1678 801 1715 a
838 1660 1257 1733 septemtrione
1296 1659 1656 1730 reliquorum
1685 1655 1972 1712 Indorum
2011 1655 2362 1730 habitantes,
2391 1657 2496 1730 qui
2535 1659 2668 1713 vitae
2693 1674 2772 1711 ra-

582 1738 741 1795 tione
780 1746 1033 1795 utuntur
1071 1737 1395 1812 Bactrianis
1434 1734 1634 1791 simili.
1713 1733 1802 1791 Hi
1839 1741 1980 1791 sunt
2017 1733 2303 1808 ludorum
2335 1734 2770 1806 bellicosissimi,

584 1816 877 1890 iidemque
904 1816 1007 1890 qui
1030 1817 1103 1873 ad
1132 1814 1592 1889 conquirendum
1617 1824 1814 1867 aarum
1846 1811 2310 1886 proficiscuntur.
2387 1813 2502 1871 Est
2526 1816 2678 1871 enim
2702 1813 2774 1869 ibi

582 1895 813 1953 deserta
850 1897 1015 1969 regio
1050 1903 1295 1967 propter
1330 1892 1644 1949 sabulum:
1689 1899 1752 1947 et
1773 1891 1836 1947 in
1879 1892 1994 1947 hoc
2035 1893 2316 1951 nimirum
2345 1892 2581 1951 deserto
2617 1901 2774 1965 atque

583 1974 794 2031 sabulo
818 1984 959 2030 sunt
969 1972 1243 2047 sormiooe,
1264 1969 1680 2045 magnitudine
1697 1986 1820 2025 non
1843 1958 2082 2042 quidem
2107 1979 2276 2045 tanta
2299 1979 2530 2044 quanta
2551 1988 2771 2035 canum,

584 2052 687 2108 sed
714 2059 915 2109 tamen
944 2050 1177 2123 majores
1202 2050 1489 2125 vulpibus:
1529 2064 1778 2123 quarum
1815 2048 2116 2105 nonnullae
2142 2050 2380 2119 aluntur
2405 2051 2566 2122 apud
2591 2066 2772 2123 regem

583 2128 918 2197 Persarum,
948 2131 1025 2205 in,
1042 2130 1147 2187 illa
1172 2130 1417 2205 regione
1440 2146 1478 2183 a
1503 2126 1884 2185 venatoribus
1911 2134 2116 2200 capta.
2157 2129 2274 2203 l-loe
2299 2128 2486 2205 igitar
2511 2128 2770 2193 formicae,

584 2209 695 2267 sub
722 2216 878 2267 terra
902 2208 1255 2284 habitantes,
1282 2214 1534 2282 egerunt
1555 2204 1832 2263 sabulum
1853 2204 2060 2264 eodem
2091 2206 2270 2263 modo
2293 2206 2448 2265 sieut
2477 2208 2542 2263 in
2571 2207 2772 2263 Graecia

584 2288 886 2360 formicae3
932 2288 1149 2362 quibus
1172 2288 1357 2359 ‘etiam
1396 2284 1592 2359 speeie
1631 2284 1890 2359 corporis
1927 2284 2248 2358 simillimae
2287 2284 2440 2345 sunt.
2527 2286 2772 2343 Stabulum

582 2374 784 2425 autem
812 2368 967 2441 quod
996 2367 1072 2441 ab
1100 2366 1215 2439 illis
1242 2366 1520 2440 egeritur,
1547 2360 1850 2435 auriferum
1877 2362 1981 2421 est.
2039 2363 2128 2421 And
2154 2365 2266 2423 hoc
2291 2365 2479 2440 igitur
2505 2365 2768 2438 colligen-

582 2444 727 2503 dum
753 2445 1071 2519 profecturi
1098 2442 1225 2501 Indi
1260 2440 1534 2520 jungunt
1559 2438 1802 2517 quisque
1828 2449 1946 2497 tres
1978 2443 2261 2508 camelos,
2291 2442 2554 2501 funalem
2579 2443 2769 2499 utrim-

580 2542 697 2599 que
722 2542 969 2593 marem,
1000 2524 1103 2597 qui
1128 2544 1163 2579 a
1188 2524 1371 2579 latere
1398 2522 1674 2591 trahant3
1719 2521 1780 2576 in
1808 2520 2002 2577 medio
2023 2520 2350 2590 foeminam,
2379 2522 2526 2579 dans
2553 2538 2770 2595 operam

579 2612 651 2661 ut
680 2621 717 2659 a
754 2604 933 2676 pullis
956 2619 1133 2677 quam
1162 2600 1561 2658 recentissime
1603 2598 1756 2655 natis
1789 2598 2152 2657 abstractam
2185 2594 2442 2676 jungat=
2490 2603 2638 2659 hane
2663 2601 2769 2673 ipse

582 2682 946 2739 conscendit.
1026 2678 1173 2737 Sunt
1198 2680 1361 2737 enim
1388 2677 1600 2735 cameli
1639 2677 1802 2751 equis
1834 2677 2144 2735 velocitate
2183 2695 2304 2737 non
2346 2679 2668 2747 inferiores,
2691 2679 2769 2735 in·

582 2776 759 2834 super
782 2777 923 2817 vero
949 2760 1021 2817 ad
1050 2776 1231 2815 onera
1257 2758 1498 2815 ferenda
1525 2755 1716 2813 multo
1740 2756 2068 2813 validiores.

664 2843 796 2899 108.
836 2838 995 2904 Jam‚
1024 2838 1245 2912 species
1284 2836 1522 2910 quidem
1549 2834 1740 2908 qualis
1781 2835 1860 2889 sit
1895 2836 2127 2900 cameli,
2152 2834 2370 2893 Graecis
2407 2840 2558 2896 satis
2595 2836 2768 2915 gnaris

581 2922 703 2991 non
731 2917 1090 2975 describam:
1136 2917 1293 2989 quod
1320 2932 1461 2971 vero
1488 2914 1563 2971 de
1589 2931 1660 2969 eo
1687 2912 1996 2987 ignoratur
2019 2914 2228 2990 vulgo,
2255 2916 2372 2973 hoe
2393 2916 2608 2975 dicam.
2669 2917 2768 2973 Ca-

582 2997 775 3055 melus
798 2998 863 3053 in
904 2994 1327 3071 posterioribus
1368 2992 1636 3049 cruribus
1675 3000 1926 3065 quatuor
1965 2992 2144 3049 habet
2189 2993 2416 3052 femora
2441 3005 2506 3051 et
2543 3002 2772 3071 quatuor

578 3081 809 3153 genum,
856 3082 1147 3132 veretrum
1194 3090 1333 3129 vero
1372 3073 1532 3129 inter
1570 3069 1894 3143 posteriora
1925 3088 2104 3129 crura
2141 3073 2392 3131 caudam
2418 3092 2624 3131 versus
2653 3091 2769 3147 spe-

581 3163 769 3213 ctans.

660 3239 793 3291 104.
834 3220 971 3289 Hoc
998 3222 1187 3307 'igitur
1226 3228 1425 3304 modo,
1453 3224 1676 3305 talique
1711 3230 1952 3307 utentes
1978 3218 2241 3298 sedtum,
2265 3230 2341 3307 251
2381 3222 2768 3308 colligendum

576 3329 795 3371 aurum
840 3312 1294 3387 proficiscuntur
1334 3306 1496 3377 Indi,
1521 3309 1802 3382 temporis
1847 3309 2152 3383 rationem·
2174 3310 2260 3366 ita
2301 3309 2581 3369 ineuntes
2619 3319 2682 3367 ut
2713 3326 2771 3363 ea

578 3388 693 3449 diei
718 3390 887 3455 hora,
911 3406 1029 3463 qua
1051 3388 1470 3448 ferventissimi
1493 3400 1635 3445 sunt
1655 3394 1854 3465 aestus,
1873 3386 2016 3443 illud
2041 3388 2275 3461 rapiant
2291 3409 2308 3443 τ
2341 3388 2612 3447 fervente
2627 3388 2769 3445 enim

579 3478 730 3543 astu
756 3469 869 3525 sub
898 3476 1049 3525 terra
1074 3467 1409 3523 conduntur
1442 3466 1724 3523 formicae.
1801 3464 2266 3535 Ardentissimus
2303 3475 2511 3525 autem
2553 3468 2641 3525 his
2678 3466 2770 3521 ho-

578 3544 839 3609 minibus
866 3548 958 3602 sol
978 3553 1069 3603 est
1097 3554 1361 3619 ternpore
1382 3546 1678 3603 matutino
1700 3568 1716 3615 ς
1763 3559 1907 3609 non,
1937 3551 2009 3600 ut
2029 3545 2160 3601 aliis
2201 3545 2570 3614 hominibus,
2597 3544 2770 3603 medio

578 3628 675 3685 die
696 3652 713 3698 3
758 3624 858 3683 sed
888 3626 963 3683 ab
984 3642 1059 3683 eo
1074 3633 1339 3699 tempore
1364 3643 1486 3699 quo
1511 3624 1584 3679 ad
1609 3623 1866 3697 aliquam
1891 3622 2268 3681 altitudinem
2307 3624 2368 3679 in
2395 3624 2548 3683 coelo
2585 3639 2770 3699 perve-

576 3707 685 3774 nit,
713 3722 902 3779 usque
924 3704 1067 3761 dum
1094 3711 1329 3776 tempus
1356 3710 1447 3759 est
1473 3720 1509 3758 a
1533 3702 1664 3758 foro
1691 3700 2049 3757 discedendi-
2113 3702 2224 3759 Per
2249 3702 2308 3757 id
2336 3698 2572 3778 tempus
2597 3702 2770 3761 multo

579 3783 771 3861 magis
797 3784 879 3840 ibi
906 3783 1069 3841 ardet
1094 3782 1207 3849 sol,
1230 3798 1407 3854 quam
1436 3783 1498 3837 in
1527 3780 1758 3837 Graecia
1777 3779 1976 3836 medio
2001 3780 2132 3853 ipso
2155 3781 2284 3849 die;
2319 3781 2404 3837 ita
2429 3789 2502 3839 ut
2523 3783 2788 3840 dicantur,

578 3864 669 3921 illi
696 3873 841 3920 tune
868 3880 1023 3935 aqua
1048 3861 1299 3919 madere.
1380 3859 1584 3917 Medio
1603 3876 1744 3915 vero
1769 3856 1866 3915 die
1893 3858 2164 3917 similiter
2188 3858 2310 3915 fere
2335 3860 2426 3916 sol
2449 3861 2618 3917 ardet
2641 3859 2770 3917 alios

578 3942 851 4001 homines
878 3951 1057 4015 atque
1083 3936 1111 3995 1
1116 3932 1278 3997 udos,
1360 3939 1682 4015 Postquam
1707 3936 1782 3993 de
1811 3936 2008 3993 medio
2034 3938 2183 3995 coelo
2219 3938 2538 3997 declinavit
2559 3939 2668 4004 sol,
2693 3942 2769 3991 ta·

578 4021 700 4077 lem
742 4020 824 4075 ibi
864 4021 989 4075 vim
1029 4018 1231 4083 habet,
1258 4017 1496 4091 qualem
1535 4014 1678 4072 alibi
1715 4015 2064 4073 matutinus.
2143 4016 2464 4090 Reliquum
2493 4018 2628 4075 ooeli
2647 4032 2768 4088 spa·

583 4101 737 4155 tium
787 4114 1149 4172 percurrens»,
1190 4096 1387 4171 magis
1412 4096 1724 4170 magisque
1763 4093 1981 4169 friget3
2025 4094 2232 4164 donee,
2264 4095 2370 4155 ubi
2407 4096 2480 4154 ad
2517 4108 2770 4154 occasum

581 4178 867 4253 pervenit,
896 4176 1215 4235 admodum
1240 4174 1419 4231 etiam
1444 4174 1654 4255 friget..
