2925 4992
1024 302 1483 379 nui-Enni.
1784 306 1793 314 '
2279 322 2358 388 97

236 460 326 528 9‘7.
357 466 687 544 «Postquam
710 480 853 527 vero
878 475 1097 527 terram
1121 468 1301 527 Nilus
1342 468 1674 538 inundavit,
1699 470 1825 529 sola
1863 472 2080 548 oppida
2116 474 2354 551 conspi-

172 550 383 607 ciu‘ntur
426 558 499 607 ex·
544 550 709 624 aquis
734 550 1071 615 eminentia,
1106 549 1313 605 insulis
1348 550 1528 624 AEgei
1555 551 1730 606 maris
1775 552 2094 611 admodum
2119 555 2352 613 similia.

170 628 395 704 Reliqua
432 630 591 686 enim
632 629 831 685 omnis
866 628 1169 703 AEgyptus
1208 637 1357 683 tune
1408 628 1652 702 pelagus
1691 638 1800 697 est,
1847 631 2086 705 solaque
2131 635 2350 708 oppida

172 706 425 765 eminent.
505 707 645 765 Hoc
678 707 785 763 ubi
828 706 915 772 fit,
956 724 1076 762 non
1112 701 1243 774 jam
1290 722 1397 779 per
1434 707 1600 762 fluvii
1649 708 1846 765 alveos
1897 711 2200 784 navigant,
2245 712 2348 769 sed

170 786 366 844 medios
398 804 505 862 per
545 802 805 861 campos.
884 785 1065 851 Nam,
1094 785 1197 858 qui
1223 785 1277 840 N
1284 786 1508 841 auci-ati
1532 784 1842 861 Memphin
1867 788 2270 862 proficiscitur,
2299 794 2349 847 is

168 872 351 937 praeter
372 867 529 940 ipsas
558 864 888 940 pyramides
933 864 1215 939 navigan
1256 880 1443 937 quum
1477 864 1736 938 alioquin
1781 882 1901 922 non
1945 868 2054 923 hac
2093 868 2172 923 sit
2209 869 2346 938 iter,

171 943 253 1001 sed
287 957 491 1018 praeter
530 945 763 1019 apicem
808 944 895 997 τοῦ
936 942 1118 998 Delta
1164 949 1225 998 et
1265 938 1443 1012 juxta
1483 942 1870 1001 Cercasorum
1919 946 2238 1019 oppidum:
2285 956 2348 1005 et

170 1022 385 1081 Canobo
425 1041 459 1080 e
500 1023 654 1079 mari
690 1021 1015 1078 Naucratin
1044 1020 1313 1086 tendens,
1342 1038 1447 1095 pet
1469 1038 1708 1097 campos
1748 1025 2019 1099 navigas,
2053 1021 2344 1101 juxtaque

166 1100 477 1175 Anthyllam
505 1109 569 1158 et
593 1099 1101 1174 Archandropolin
1124 1100 1583 1173 proeterveberis.

231 1185 316 1239 98.
351 1179 657 1255 Anthylla,
685 1196 865 1254 quam
892 1178 1075 1236 modo
1103 1178 1429 1245 nominavi,
1460 1178 1658 1235 nobile
1681 1180 1992 1253 oppidum,
2021 1184 2340 1260 singulari-

165 1266 240 1317 ter
278 1260 568 1319 adtributa
606 1274 841 1332 semper
886 1266 977 1315 est
1020 1258 1189 1314 uxori
1232 1259 1389 1332 regis
1414 1259 1518 1331 qui
1561 1258 1626 1313 in
1672 1258 1940 1334 AEgypto
1985 1270 2220 1339 regnat-¹,
2267 1277 2342 1321 ex

165 1334 306 1409 eujus
344 1340 633 1395 reditibus
670 1338 773 1393 illa
812 1337 926 1393 sibi
952 1343 1253 1409 comparet
1276 1336 1708 1393 calceamenta:
1752 1338 1930 1413 idque
1963 1341 2048 1400 ita
2085 1343 2340 1411 obtinet,

162 1430 221 1472 ex
254 1432 359 1492 quo
396 1418 511 1475 sub
541 1418 854 1474 Persarum
898 1416 1149 1490 imperio
1173 1412 1474 1489 AEgyptus
1508 1422 1614 1472 est.
1692 1416 1980 1484 Alterum,
2009 1421 2166 1493 quod
2191 1422 2338 1489 dixi,

161 1496 413 1570 oppidum
459 1496 705 1553 videtur
746 1496 823 1551 ab
870 1493 1213 1551 Archandro
1254 1494 1474 1551 Phthio
1521 1510 1738 1551 nomen
1787 1496 2094 1571 accepisse,
2139 1499 2339 1557 Achaei

163 1574 282 1643 filio,
323 1576 519 1633 Danai
561 1592 821 1651 genet-03
862 1590 1043 1647 quare
1092 1573 1273 1629 etiam
1320 1572 1634 1629 Archandri
1677 1577 1936 1647 oppidum
1985 1579 2339 1637 nominatur.

159 1652 332 1710 Fuerit
353 1655 599 1730 quidem
625 1652 871 1711 fortasse
896 1652 1075 1710 etiam
1102 1652 1255 1708 alius
1272 1650 1612 1710 Archander
1628 1666 1648 1707 ε
1689 1660 1751 1709 at
1800 1654 2155 1730 AEgyptium
2181 1666 2340 1715 certe

163 1746 352 1791 nomen
378 1752 499 1791 non
526 1741 640 1791 est.

222 1815 305 1869 99.
345 1813 705 1870 Hac-rimus
732 1828 805 1869 ea
828 1810 973 1878 dixi,
1002 1824 1135 1885 quae
1174 1809 1393 1883 partim
1438 1808 1566 1883 ipse
1601 1807 1744 1877 vidi,
1774 1811 1986 1885 partim
2011 1828 2142 1888 quse
2167 1816 2340 1890 equi·

159 1887 272 1950 dem
294 1892 501 1961 sentio,
531 1892 754 1966 partim
778 1906 917 1966 quae
950 1889 1299 1947 sciscitando
1336 1889 1614 1964 cognovi.
1690 1890 1920 1947 Accede
1948 1906 2112 1949 nune
2135 1894 2208 1951 ad
2235 1912 2340 1951 ex·

160 1972 433 2042 ponendas
458 1972 861 2045 AEgyptiorum
901 1969 1177 2035 historias,
1205 1984 1394 2040 resque
1428 1973 1630 2041 gestas,
1671 1970 2169 2044 quemadmodum
2199 1990 2338 2031 nar-

157 2054 289 2107 ratas
311 2051 506 2107 audivi
526 2075 547 2122 3
599 2050 813 2124 quibus
838 2056 1039 2105 tamen
1086 2047 1374 2104 nonnulla
1398 2048 1602 2114 etiam,
1633 2064 1764 2122 quae
1811 2050 1938 2123 ipse
1975 2052 2122 2107 meis
2147 2052 2342 2111 oculis

157 2124 277 2197 vidi,
302 2126 597 2201 adjiciam.
672 2128 919 2185 Mansit
962 2127 1155 2193 illum,
1198 2126 1303 2199 qui
1343 2126 1573 2201 primus
1619 2128 1680 2183 in
1727 2127 1995 2204 AEgypto
2039 2124 2335 2205 regnavit,

158 2220 313 2279 quum
362 2207 478 2265 alia
520 2206 759 2273 fecisse,
806 2206 1055 2279 aiebant.
1092 2204 1443 2271 sacerdotes,
1495 2210 1625 2261 tum
1679 2206 1792 2262 hoe
1845 2208 2122 2280 primum,
2178 2210 2338 2283 quod

157 2283 437 2362 Memphin
458 2282 641 2359 jactis
663 2286 980 2363 aggeribus
1001 2299 1037 2340 a
1055 2284 1182 2341 Nili
1198 2283 1580 2341 inundatione
1595 2284 1915 2341 secluserit.
1997 2288 2157 2343 Olim
2177 2289 2337 2346 enim

157 2359 375 2423 fluvium
394 2361 582 2437 juxta
600 2366 797 2439 ipsum
822 2370 1087 2423 montem
1116 2379 1291 2419 arena
1308 2361 1566 2418 obsitum
1593 2380 1628 2418 a
1653 2370 1816 2437 parte
1838 2363 2042 2437 Libyae
2061 2358 2334 2435 fluxisse3

154 2438 345 2503 Menen
370 2462 515 2503 vero
544 2448 819 2516 superne,
846 2449 1088 2500 eentum
1114 2441 1239 2498 fere
1268 2441 1457 2497 stadia
1492 2458 1528 2497 a
1546 2440 1834 2515 Memphi,
1860 2442 1986 2499 Nili
2029 2442 2338 2502 brachium

151 2518 295 2589 illud,
321 2524 478 2600 quod
520 2524 834 2580 meridiem
875 2538 1083 2579 versus
1125 2520 1424 2586 tendebat,
1452 2520 1638 2577 humo
1683 2521 1928 2595 adgesta
1969 2523 2332 2596 complesse3

152 2606 305 2674 atque
340 2604 441 2673 ita,
465 2602 767 2661 exsiccato
802 2596 993 2677 prisco
1034 2600 1222 2664 alveo,
1262 2600 1445 2655 alium
1483 2599 1740 2670 duxisse,
1769 2602 1872 2674 qui
1909 2601 2066 2656 inter
2103 2608 2338 2659 montes

152 2680 355 2748 medius
397 2677 786 2741 interflueret.
888 2680 1083 2753 Atque
1126 2678 1307 2734 etiam
1352 2694 1516 2734 nunc
1567 2678 1762 2734 Persae
1813 2679 2114 2736 brachium
2156 2681 2336 2749 illud,

151 2760 281 2830 quod
310 2778 462 2819 nunc
484 2758 624 2817 fluit
650 2758 725 2817 ab
750 2759 935 2815 altero
962 2757 1279 2823 seclusum,
1298 2774 1520 2831 magna
1545 2774 1686 2813 cura
1705 2758 2042 2825 observant,
2069 2769 2132 2815 et
2157 2768 2336 2833 quot-

148 2838 289 2894 annis
331 2859 469 2897 eum
523 2843 625 2913 (eo
668 2839 822 2905 loc0,
874 2838 980 2893 ubi
1019 2854 1058 2892 a
1093 2842 1289 2891 vetere
1334 2836 1504 2891 alveo
1553 2830 1812 2905 deflexit)
1861 2837 2108 2912 adgesta
2149 2839 2334 2895 humo

148 2918 438 2989 muniunt;
484 2918 795 2993 quoniam,
838 2916 893 2972 si
934 2932 1009 2972 eo
1046 2915 1165 2971 loci
1202 2930 1590 2987 perrumpens
1631 2910 1842 2970 fluvius
1883 2916 2223 2983 exundaret,
2251 2919 2334 2972 ti-

146 2997 399 3055 mendum
448 2997 612 3055 foret
653 3014 727 3053 ne
768 2994 1041 3051 universa
1086 2992 1391 3067 Memphis
1438 2992 1833 3048 inundaretur.
1927 2992 2155 3050 Deinde
2195 3012 2334 3051 vero

148 3074 395 3133 eumdem
410 3076 659 3142 Menen,
686 3075 942 3149 primum
957 3072 1206 3147 AEgy‘pti
1231 3086 1451 3145 regem,
1483 3070 1666 3137 aiunt,
1687 3082 1998 3145 postquam
2022 3073 2332 3145 'regionem

148 3150 278 3209 cirea
298 3154 619 3230 Memphin
652 3154 715 3210 in
754 3154 909 3210 sicco
949 3153 1265 3226 posuisset,
1297 3150 1357 3205 in
1400 3148 1607 3205 eadem
1637 3150 1881 3225 regione
1924 3149 2332 3219 urbem-banc,

149 3244 261 3303 quae
284 3250 433 3291 nunc
460 3233 745 3306 Memphis
764 3238 1031 3295 vocatur,
1059 3228 1385 3286 condidisse
1412 3234 1449 3283 :'
1476 3231 1592 3301 (est
1629 3228 1784 3284 enim
1827 3228 2124 3302 Memphis
2151 3228 2331 3286 etiam

146 3325 209 3443 ἒξ
222 3308 1249 3462 ἓὶῗξῗέἓέἂῖρῗξὶῖεέῃὲἕῗι
1267 3306 2101 3453 ‘nfflleffoeiiss‘iffiffdffi
2127 3307 2334 3447 2333

146 3468 411 3527 orientem
438 3469 569 3544 ipse
593 3468 771 3525 Nilus
792 3486 923 3523 eam
961 3465 1336 3540 praestringit.
1414 3464 1602 3519 Porro
1642 3464 1916 3520 eumdem
1944 3464 2005 3521 in
2031 3466 2159 3538 ipsa
2181 3466 2334 3522 urbe

145 3542 375 3606 Vulcani
400 3549 716 3623 templum,
745 3546 903 3621 quod
930 3560 1221 3620 magnum
1248 3544 1329 3599 ibi
1354 3550 1415 3598 et
1438 3541 1824 3599 memorabile
1847 3550 1957 3609 est,
1984 3544 2277 3600 statuisse.

214 3628 337 3682 100.
376 3628 525 3685 Post
572 3628 732 3683 hunc
782 3644 857 3681 ex
898 3623 1049 3681 libro
1094 3630 1520 3679 recensuerunt
1563 3621 1714 3676 mihi
1753 3622 2079 3678 sacerdotes
2117 3630 2330 3695 regum
2369 3693 2373 3697 ῃ

142 3707 523 3764 trecentorum
550 3714 611 3762 et
636 3704 879 3781 triginta
916 3702 1189 3760 nomina.
1269 3701 1339 3757 In
1380 3706 1470 3757 tot
1509 3698 1994 3773 generationibus
2021 3700 2330 3756 hominum

145 3783 473 3841 octodecim·
497 3784 811 3857 AEthiopes
839 3790 1023 3848 erant,
1048 3788 1109 3837 et
1132 3796 1253 3837 una
1284 3779 1501 3835 mulier
1539 3778 1830 3852 indigena.
1910 3776 2166 3842 Mulieri,
2193 3792 2330 3849 quae

143 3856 197 3914 in
219 3862 485 3939 AEgypto
521 3862 811 3940 regnavit,
852 3862 1011 3918 idem
1050 3874 1269 3915 nomen
1312 3857 1429 3913 fuit
1469 3865 1642 3930 atque
1677 3854 2039 3933 Babyloniae,
2069 3857 2338 3912 Nitocris.

142 3934 303 3997 Hane
340 3944 677 4000 memorant
720 3941 911 3997 ultimi
952 3954 1079 3996 esse
1116 3938 1380 4007 fratrem,
1408 3952 1586 4009 quem
1626 3934 1916 4011 AEgyptii,
1943 3950 2130 4008 quum
2174 3933 2331 4007 apud

138 4030 223 4072 eos
245 4032 564 4097 regnasset,
590 4019 943 4085 occiderant,
973 4024 1109 4091 post
1134 4013 1381 4089 ejusque
1408 4014 1627 4072 caedem
1643 4030 1905 4088 regnum
1931 4014 2042 4085 ipsi
2071 4012 2328 4069 tradide-

139 4104 292 4153 rant:
336 4097 517 4170 hujus
554 4097 882 4156 ulciscendi
922 4099 1133 4154 caussa
1180 4094 1402 4150 multos
1427 4092 1740 4168 AEgyptios
1779 4091 1915 4147 dolo
1948 4090 2324 4149 interfecisse.

136 4168 351 4235 Fecisse
394 4176 621 4237 seilicet
666 4176 943 4237 conclave
983 4174 1358 4251 praelongum
1394 4172 1866 4239 subterraneum,
1909 4170 2328 4245 novum-quid-

1193 4269 1231 4307 0
