2925 4992
1019 344 1026 351 -
1080 302 1441 364 ERATO.
1656 320 1681 337 f
2242 308 2359 365 271

191 466 418 541 phemss
441 462 707 529 Sardium
733 462 1064 539 malimus,
1108 472 1168 521 et
1207 460 1308 538 qui
1351 462 1857 538 illum-captivum
1886 462 2104 521 fecerat
2132 462 2367 539 Harpa.

191 564 309 621 gne,
333 553 407 601 ut
443 542 646 600 Sa'rdes
685 542 975 599 adductus
1021 550 1112 599 est
1156 542 1460 609 Histiaeus,
1490 552 1703 617 corpus
1742 542 1900 599 illius
1946 544 2369 617 suspenderunt

191 642 220 679 e
243 640 420 690 cruce,
449 629 628 695 caput
653 629 872 687 antem,
898 621 1017 676 saie
1043 622 1374 687 eonditum,
1404 622 1558 677 Susa
1584 620 1655 677 ad
1686 620 1934 677 Darium
1961 638 2159 697 regem
2190 622 2367 679 mise-

193 710 332 759 runt.
405 701 635 764 Quibus
661 700 836 757 rebus
864 699 1118 775 cognitis
1145 700 1384 767 Darius,
1411 694 1760 773 vituperatis
1788 700 1879 755 his
1922 701 2023 773 qui
2055 701 2169 756 hoc
2215 700 2369 757 fece-

191 786 332 846 runt,
359 779 514 855 quod
541 786 660 835 non
685 780 893 834 vivum
933 776 1105 835 illum
1145 780 1207 835 in
1247 794 1419 835 suum
1445 785 1825 851 conspectum
1850 778 2248 846 adduxissent,
2276 796 2373 834 ca·

191 866 281 932 put
309 858 533 915 Histiaei
559 858 752 913 lotum
793 863 854 912 et
891 856 1046 929 bene
1069 865 1340 913 curatum
1363 854 1543 928 jussit
1568 856 1820 929 sepeliri,
1848 864 1915 913 ut
1942 856 2053 912 viri
2096 858 2169 913 de
2209 874 2271 913 se
2310 864 2369 913 et

189 939 252 993 de
276 934 456 993 Persis
481 936 758 1009 praeclare
781 935 998 991 meriti.
1081 934 1215 991 Hoc
1237 934 1426 1009 igitur
1451 935 1577 990 fato
1602 936 1847 991 functus
1872 934 2155 993 Histiaeus
2182 944 2290 991 est.

256 1018 341 1071 31.
383 1016 518 1072 Jam
573 1014 790 1070 navalis
837 1013 1136 1069 Persarum
1186 1016 1470 1079 exercitae,
1528 1018 1841 1086 postquam
1889 1014 2044 1071 circa
2068 1012 2368 1070 ·Miletum

189 1094 563 1167 hyemaverat,
593 1092 863 1166 sequenti
889 1108 1050 1148 anno
1077 1090 1210 1150 inde
1237 1090 1561 1165 profectus,
1590 1090 1809 1147 insulas
1834 1091 2010 1147 facile
2032 1092 2189 1165 cepit
2216 1092 2371 1149 haud

186 1172 372 1245 procul
417 1190 455 1227 a
489 1171 834 1227 continente
871 1170 1037 1236 sitas,
1067 1168 1284 1225 Chium
1316 1177 1376 1225 et
1406 1168 1661 1225 Lesbum
1702 1177 1761 1223 et
1800 1168 2121 1226 Tenedum.
2202 1172 2369 1233 Qua·

188 1266 300 1305 rum
327 1251 650 1307 insularum
679 1256 748 1305 ut
773 1264 1006 1322 quaque
1037 1249 1205 1322 potiti
1225 1254 1402 1304 erant
1443 1248 1695 1313 barbari,
1724 1248 1944 1303 incolas
1970 1240 2175 1303 on’mes
2202 1250 2369 1305 inda-

187 1329 306 1403 gine
329 1330 552 1394 einctos
593 1326 915 1402 capiebant.
995 1323 1282 1401 Indagine
1327 1334 1527 1383 autem
1570 1328 1795 1397 cingunt
1836 1326 1949 1381 boc
1988 1328 2185 1381 modo.
2264 1327 2376 1385 Vir

187 1408 358 1463 virum
387 1424 578 1463 manu
629 1404 1012 1479 prehendens,
1043 1424 1080 1461 a
1105 1406 1254 1461 mari
1282 1404 1745 1477 septemtrionali
1790 1404 1864 1461 ad
1899 1404 2153 1460 australe
2192 1407 2373 1477 perti-

186 1494 384 1555 nentes,
416 1491 612 1542 totam
661 1482 988 1557 pervadunt
1027 1484 1308 1549 insulam,
1349 1490 1527 1557 atque
1566 1483 1651 1537 ita
1688 1483 1955 1538 homines
1994 1484 2177 1538 veluti
2220 1484 2373 1541 feras

187 1572 466 1621 venantur.
491 1606 496 1613 .
553 1562 780 1618 Pariter
805 1578 945 1617 vero
971 1562 1152 1617 etiam
1181 1562 1413 1619 lonicas
1452 1562 1515 1619 in
1554 1561 1895 1617 continente
1922 1569 2196 1635 ceperunt
2226 1562 2371 1619 civi-

183 1648 330 1710 tates,
363 1638 474 1698 nisi
499 1640 664 1715 quod
693 1640 776 1696 ibi
803 1639 1070 1696 homines
1109 1656 1235 1697 non
1274 1638 1557 1715 indagine
1598 1639 1821 1697 cinctos
1849 1639 2049 1695 venati
2076 1648 2234 1708 sunt,
2264 1658 2368 1698 ne-

177 1737 282 1795 que
303 1722 456 1777 enim
489 1720 618 1776 fieri
647 1715 706 1775 id
731 1725 977 1793 poterat.

248 1802 339 1855 32.
379 1800 560 1855 Tun'c
589 1814 728 1853 vero
756 1797 1063 1853 Pers-arum
1086 1796 1264 1853 duces
1293 1816 1430 1855 vera
1457 1796 1852 1871 praestiterunt
1879 1814 1972 1864 ea,
2000 1815 2133 1871 quae
2158 1799 2377 1859 minati

187 1875 410 1935 Ionibus
451 1882 644 1942 erant,
671 1891 860 1949 quum
905 1875 992 1933 illi
1035 1892 1111 1935 ex
1154 1875 1396 1933 adverso
1437 1886 1630 1933 castra
1671 1876 1970 1932 haberent.
2055 1878 2373 1951 Postquam

184 1956 323 2013 enim
349 1956 606 2013 urbibus
645 1954 818 2028 potiti
847 1960 1010 2019 sunt,
1038 1952 1286 2011 selectos
1327 1972 1644 2031 puerorum
1674 1953 2129 2011 formosissimos
2156 1965 2374 2015 castra·

185 2043 329 2100 runt,
355 2050 427 2091 ex
467 2034 608 2089 viris
648 2032 952 2089 eunuchos
987 2030 1264 2089 facientes
1294 2060 1307 2103 ;
1353 2042 1422 2090 et·
1455 2035 1713 2109 virgines
1752 2033 1943 2089 forma
1985 2036 2375 2105 praecellentes

185 2112 531 2171 abduxerunt
560 2111 634 2167 ad
663 2126 904 2185 regem:
947 2110 1236 2189 simulque
1273 2112 1452 2168 urbes
1486 2130 1624 2168 eum
1666 2110 1806 2185 ipsis
1846 2114 2079 2186 templis
2106 2111 2377 2172 incendio
2483 2136 2488 2139 ·

187 2199 517 2249 cremarunt.
603 2192 798 2263 Atque
841 2190 926 2249 its.
949 2190 1114 2243 tertio
1142 2192 1202 2243 in
1220 2194 1537 2247 servitutem
1584 2192 1739 2246 Iones
1782 2192 1988 2247 redacti
2028 2200 2204 2247 sunt:
2252 2195 2375 2269 pri·
2472 2222 2483 2233 ,

187 2286 337 2329 mum
361 2288 400 2325 a
427 2267 640 2345 Lydis,
667 2278 728 2324 et
754 2268 844 2323 bis
869 2268 1144 2339 deinceps
1167 2274 1312 2323 tunc
1337 2286 1374 2342 a
1401 2268 1611 2325 Persis.

189 2366 198 2371 ·
251 2352 338 2403 33.
379 2348 522 2404 Post
555 2348 703 2413 hoec,
733 2346 936 2403 relicta
976 2342 1168 2409 Ionia,
1197 2347 1418 2401 navalis
1463 2347 1753 2403 exercitus
1794 2349 1992 2404 omnia
2036 2350 2380 2425 Hellesponti

187 2426 313 2492 loca,
341 2442 473 2499 quse
501 2425 582 2482 ad
628 2426 925 2481 sinistram
965 2433 1109 2480 sunt
1149 2420 1417 2490 intranti,
1445 2424 1723 2499 subegit-2
1767 2444 1929 2492 nam,
1961 2444 2089 2500 quae
2116 2446 2151 2483 a
2174 2428 2379 2489 dextra

185 2513 329 2570 sunt,
353 2522 424 2561 ea
447 2504 654 2561 Persae
669 2498 796 2573 jam
827 2502 937 2575 ipsi
979 2518 1084 2576 per
1121 2520 1204 2567 se,
1233 2512 1386 2559 terra
1425 2502 1712 2579 adgressi,
1744 2522 1911 2561 suam
1940 2506 1997 2561 in
2028 2514 2378 2579 potestatem

187 2584 539 2658 redegerant.
619 2578 764 2637 Sunt
791 2588 989 2637 autem
1035 2580 1106 2635 ad
1155 2580 1612 2657 Hellespontum
1651 2582 1711 2639 in
1752 2583 1993 2659 Europa
2038 2582 2185 2641 ioca'
2211 2587 2375 2645 haec:

184 2662 597 2724 Chersonesus,
627 2660 687 2714 in
734 2675 850 2733 qua
887 2659 1196 2733 complura
1237 2660 1443 2715 insunt
1484 2660 1719 2735 oppida,
1768 2668 1895 2718 tum
1942 2663 2275 2733 Perinthus,
2318 2675 2380 2723 et

184 2740 410 2796 castellas
427 2739 769 2808 'OE-hraciam
819 2738 1166 2807 spectantia,
1215 2746 1278 2794 et
1325 2736 1609 2812 Selybria,
1663 2748 1723 2795 et
1771 2740 2140 2815 Byzantium.
2235 2742 2381 2801 Jam

185 2816 439 2892 Byzantii
463 2816 736 2891 quidem,
766 2824 826 2871 et
850 2815 940 2870 his
965 2831 1038 2871 ex
1064 2816 1307 2872 adverso
1331 2818 1587 2891 oppositi
1606 2816 2002 2885 Chalcedonii,
2036 2824 2213 2896 [quos
2238 2824 2381 2881 alias

186 2891 603 2953 Calchedonius
629 2895 896 2950 nominat
921 2892 1190 2965 Nosten]
1230 2910 1306 2949 ne
1331 2904 1747 2968 exspectarunt
1787 2894 2025 2969 quidem
2070 2894 2383 2958 Phoeniciae

186 2975 375 3031 classis
410 2975 772 3040 adventurm
816 2971 942 3037 sed,
973 2972 1198 3028 relictis
1235 2972 1354 3028 suis
1395 2971 1649 3039 sedibus,
1692 2974 1977 3031 introrsus
2016 2978 2078 3033 in
2124 2979 2379 3039 Pontum

186 3051 486 3111 Euxinum
533 3068 598 3107 se
639 3058 999 3124 receperunt,
1039 3050 1238 3124 ibique
1273 3050 1483 3107 urbem
1524 3052 1903 3109 condiderunt
1942 3054 2383 3115 Mesembriam.

188 3130 488 3189 Phoeniees
513 3128 678 3193 verb,
709 3128 960 3185 incensis
987 3129 1076 3184 his
1105 3146 1238 3203 quae
1279 3130 1583 3193 nominavi
1624 3132 1790 3196 locis,
1820 3142 2021 3189 contra
2046 3133 2381 3195 Proconne-

189 3226 312 3267 sum
333 3219 396 3267 et
421 3210 700 3266 Artacam
731 3224 794 3264 se
817 3215 1268 3268 converterunt:
1317 3208 1529 3282 quibus
1556 3217 1617 3264 et
1644 3210 1787 3283 ipsis
1814 3210 1938 3287 igni
1968 3212 2141 3278 datis,
2168 3213 2379 3273 iterum

182 3288 242 3349 iu
269 3286 703 3346 Chersonesum
747 3286 1126 3361 navigarunt,
1157 3286 1406 3361 reliquas
1445 3287 1621 3343 urbes
1662 3291 2080 3363 expugnaturi,
2109 3308 2255 3365 quas
2280 3312 2383 3351 su·

189 3368 389 3441 perior-i
429 3366 690 3440 adpulsu
731 3382 846 3420 non
893 3372 1234 3421 everterant.
1314 3366 1605 3421 Adversus
1634 3368 1921 3439 Cyzicum
1960 3384 2101 3423 vero
2139 3385 2382 3431 cursum

185 3447 426 3513 omnino
469 3460 600 3501 non
640 3443 1010 3513 direxerunt:
1035 3458 1190 3499 -nam
1217 3444 1497 3516 Cyziceni
1538 3444 1651 3517 ipsi
1676 3444 1806 3515 jam
1850 3452 1987 3501 ante
2030 3446 2382 3509 Phoenicum

187 3524 502 3581 adventum
525 3519 592 3577 in
621 3521 904 3594 obsequio
927 3527 1098 3576 erant
1121 3520 1452 3586 Persarum,
1475 3520 1765 3579 deditione
1790 3538 1925 3580 eum
1954 3522 2380 3597 OEbare'facta,

187 3600 491 3678 Megabazi
533 3600 678 3665 filio,
721 3598 992 3674 Dascylei
1033 3599 1330 3671 praefectO.
1411 3601 1795 3657 Chersonnesi
1835 3620 1996 3669 vero,
2024 3622 2141 3661 una
2172 3606 2385 3673 Cardia

187 3688 443 3757 excepta,
473 3678 716 3752 reliquis
741 3678 1014 3734 omnibus
1039 3678 1284 3734 urbibus
1311 3678 1483 3751 potiti
1511 3686 1651 3736 sunt
1674 3680 2003 3738 Phoenices.

253 3762 352 3817 34.
389 3758 711 3834 Tyrannus
763 3764 906 3813 tunc
961 3755 1274 3812 Chersonesi
1327 3756 1615 3814 Miltiades
1678 3767 1825 3826 erat,
1881 3759 2145 3819 Cimonis
2197 3760 2379 3832 filius,

185 3834 510 3914 Stesagorse
535 3850 759 3910 nepos:
800 3834 955 3909 quod
998 3852 1253 3909 regnum
1295 3836 1516 3908 primus
1542 3836 1687 3893 olim
1713 3844 2043 3911 susceperat
2071 3839 2381 3911 Miltiades,

191 3916 398 3990 Cypseli
421 3915 613 3992 fitius,
659 3914 771 3969 hoc
795 3913 1009 3969 modo.
1103 3912 1406 3971 Tenebant
1448 3914 1603 3971 hane
1644 3914 2076 3973 Chersonesum
2123 3918 2385 3981 Dolonci

187 3992 454 4052 Thraces.
482 4032 486 4036 -
537 3992 646 4058 Hi,
677 3990 834 4048 bello
859 3992 1044 4065 pressi
1063 3991 1146 4047 ab
1173 3992 1513 4061 Absinthiis,
1544 4010 1724 4069 reges·
1750 4012 1887 4052 suos
1928 3994 2209 4055 miserant
2234 3996 2383 4055 Del·
2420 4020 2428 4022 -

185 4074 350 4145 phoS,
381 4070 592 4146 quide
637 4070 748 4127 hoc
791 4068 948 4149 besto
978 4071 1281 4127 oracuium
1329 4070 1731 4145 consulerent3
1776 4071 1991 4149 quibus
2036 4072 2246 4151 Pythia
2296 4096 2381 4135 re·
