2925 4992
1070 312 1439 374 THAMA.
1732 344 1752 362 -
2253 286 2370 385 ιη’

164 478 202 505 ““
220 471 351 539 cidi,
370 480 434 531 et-
460 469 644 551 nihilo
680 470 875 533 minus
902 488 1087 547 regno
1128 480 1263 529 suni
1310 474 1592 547 privatus.
1671 470 1926 533 smerdis
1949 476 2110 533 enim
2139 476 2360 554 Magus

166 559 199 582 “
228 548 357 619 fuit,
380 570 559 625 quem
588 559 795 610 eontra
818 568 915 607 me
940 552 1401 635 insurrecturum
1422 568 1550 609 esse
1575 552 1718 609 deus
1743 555 1890 611 mibi
1915 556 2362 629 significaverat.

165 636 199 661 “
220 630 515 687 patratum
538 630 723 705 igitur
748 648 783 684 a
806 647 905 685 me
924 630 1154 687 facinus
1176 638 1267 687 est
1280 656 1295 701 3
1332 648 1552 705 vosque
1577 631 1662 687 sic
1681 632 2034 699 existimate,
2065 652 2186 691 non
2231 652 2359 691 am·

166 714 203 739 “
228 709 371 779 plius
394 710 456 765 in
481 709 633 765 vivis
660 726 789 765 esse
814 708 1081 767 Smerdin
1104 731 1117 764 :
1164 710 1269 765 sed
1304 710 1472 783 Magi
1512 710 1678 767 vobis
1707 712 1930 785 regiam
1971 722 2358 787 occuparunt,

165 793 199 818 “
224 788 270 843 is
302 806 477 859 que-m
523 805 641 861 ego
684 796 1121 859 procuratorem
1174 788 1389 845 domus
1436 806 1586 843 meae
1625 789 1858 862 reliqui,
1903 798 1964 847 et
2008 791 2190 847 frater
2229 787 2358 861 ejus

166 872 201 897 “
222 864 487 923 Smerdis.
569 866 729 929 sam,
758 882 933 937 quem
962 866 1221 923 maxime
1264 874 1604 939 oportuerat
1631 868 1822 925 vicem
1858 886 2076 935 meam,
2103 870 2204 942 qui
2235 871 2360 927 haec

163 943 459 1019 “indigna
484 942 537 999 'a
576 944 775 1018 Magis
804 943 1013 1015 patior,
1056 944 1295 1013 ulcisci3
1342 946 1391 1001 is
1420 945 1642 1001 nefaria
1665 948 1842 1013 caede,
1871 966 1906 1002 a
1940 949 2224 1021 proximis
2252 966 2356 1021 pa-

164 1028 199 1053 “
223 1030 385 1087 trata,
438 1024 627 1083 vitam
656 1020 865 1080 finivit.
946 1023 1069 1085 Qui
1096 1040 1283 1095 quum
1332 1024 1588 1096 amplius
1645 1042 1764 1081 non
1803 1026 1900 1092 sit,
1945 1028 2198 1083 secundo
2225 1028 2358 1085 loco

161 1104 195 1131 “
216 1116 441 1171 summa
464 1120 565 1159 me
610 1102 921 1159 necessitas
952 1108 1147 1175 urget,
1174 1109 1241 1157 ut
1260 1100 1336 1159 de
1362 1104 1586 1159 caeoeris
1613 1120 1744 1169 vos,
1779 1104 1986 1169 Persae,
2011 1122 2142 1179 quae
2169 1123 2357 1173 nunc,

165 1185 213 1210 “·
226 1195 397 1251 quum
424 1180 619 1237 vitam
646 1180 813 1244 finit),
848 1179 995 1235 mibi
1026 1198 1061 1234 a
1085 1180 1253 1235 vobis
1282 1179 1405 1237 fleri
1440 1181 1602 1246 volo,
1632 1198 1925 1239 moneam.
2007 1184 2218 1257 ltaque
2243 1186 2356 1241 hoc

165 1262 201 1287 “
226 1275 453 1330 nempe,
480 1259 629 1315 deos
672 1259 865 1332 regios
904 1258 1255 1323 obtestatus,
1286 1258 1453 1315 vobis
1497 1255 1776 1335 injungo,
1821 1269 1880 1317 et
1911 1262 1970 1317 in
2015 1264 2352 1320 universum

164 1340 196 1365 ‘⁸
226 1339 463 1404 cunctis,
504 1346 572 1393 et
611 1338 871 1393 maxime
909 1337 1001 1391 his
1030 1337 1229 1409 quiex
1270 1336 1754 1395 Achaemenidum
1779 1340 1959 1412 stirpe
2001 1341 2240 1406 adestis,
2283 1360 2355 1397 ne

164 1418 201 1445 ‘¹
228 1416 615 1489 principatum
642 1416 715 1471 ad
742 1415 953 1473 Medos
972 1416 1187 1471 iterum
1210 1416 1393 1472 redire
1420 1417 1728 1490 patiamini
1749 1443 1764 1488 ;
1813 1419 1936 1482 sed,
1959 1419 2083 1475 sive
2105 1420 2190 1475 iui
2215 1420 2355 1476 dolo

162 1495 199 1521 “
223 1508 349 1549 eum
374 1496 797 1556 obtinuerunt,
814 1494 953 1549 dolo
968 1494 1051 1552 eis
1070 1493 1331 1566 eripiatis
1352 1520 1371 1563 3
1402 1497 1492 1552 sin
1509 1496 1568 1551 vi
1585 1496 1842 1569 quadam
1861 1497 2032 1553 illum
2049 1498 2162 1553 sibi
2177 1515 2351 1571 para·

164 1574 201 1601 “
226 1579 371 1637 runt,
405 1575 463 1629 vi
488 1582 555 1630 et
582 1573 761 1629 armis
780 1573 1147 1645 recuperetis·
1226 1573 1437 1645 Atque,
1483 1572 1596 1629 hoc
1635 1574 1874 1646 quidem
1901 1575 1954 1629 si
1989 1575 2264 1641 feceritis,
2291 1586 2354 1633 et

162 1653 361 1707 “terra
392 1650 565 1709 vobis
594 1651 855 1709 fructum
884 1650 1057 1717 ferat,
1086 1658 1145 1707 et
1172 1667 1385 1709 uxores
1410 1660 1472 1709 et
1497 1668 1710 1727 greges
1735 1652 1982 1709 uberem
2005 1654 2182 1711 edant
2213 1672 2350 1728 pro-

164 1731 199 1757 ‘⁸
220 1727 349 1793 lem,
395 1742 455 1786 et
495 1731 771 1787 libertate
810 1731 871 1785 in
902 1747 1081 1787 omne
1118 1728 1387 1786 futurum
1433 1737 1672 1803 tempus
1713 1728 2029 1789 fruamini!
2085 1730 2188 1789 siu
2229 1750 2352 1789 non

162 1808 196 1836 “
220 1810 709 1882 recuperaret-itu,
738 1826 843 1865 nec
888 1809 1083 1867 conati
1134 1807 1367 1865 fueritis
1410 1823 1774 1883 recuperare,
1804 1812 2094 1867 contraria
2134 1812 2347 1869 horum

161 1888 197 1913 “
220 1886 379 1941 vobis
408 1906 643 1961 precor,
674 1894 733 1943 et
758 1888 869 1943 hoc
896 1887 1173 1959 amplius,
1218 1894 1285 1942 ut
1316 1886 1625 1947 Persarum
1673 1889 1988 1962 unicuique
2031 1890 2161 1947 finis
2187 1892 2348 1958 vitae,

164 1967 197 1993 ‘⁸
220 1966 395 2037 qualis
424 1968 603 2029 mihi,
632 1968 919 2023 eveniat.”
1006 1963 1199 2023 Simul
1226 1964 1352 2023 haec
1379 1968 1614 2025 locutus
1645 1968 1984 2043 CambyseS,
2010 1970 2348 2029 universam

159 2056 303 2108 suam
342 2056 565 2103 sortem
592 2042 935 2117 deploravit.
2292 2100 2297 2105 .

224 2124 307 2177 66.
342 2124 503 2183 Tum
528 2125 749 2189 Persai,
782 2142 981 2199 regem
1020 2123 1289 2182 videntes
1322 2124 1494 2183 edere
1520 2124 1842 2198 ploratum,
1885 2127 2148 2185 universi
2173 2127 2346 2201 quid·
2425 2188 2429 2203 ,

158 2199 274 2269 quid
315 2205 575 2261 vestium
624 2202 921 2259 habebant
962 2204 1287 2276 discerpere
1324 2204 1798 2277 immensumque
1845 2205 2013 2261 edere
2059 2201 2346 2277 ejulatum

160 2291 445 2351 coeperuut.
528 2282 617 2337 Et
643 2281 797 2340 haud
816 2282 1013 2339 multo
1032 2290 1185 2355 post,
1210 2283 1365 2339 carie
1379 2298 1616 2339 corroso
1631 2298 1783 2349 osse,
1811 2291 1870 2339 et
1891 2284 1952 2339 in
1971 2284 2347 2357 putredinem

158 2354 383 2415 abeunte
430 2361 685 2425 femore,
734 2377 767 2415 e
806 2361 959 2415 vivis
1002 2367 1233 2435 ereptus
1278 2368 1367 2417 est
1408 2360 1750 2435 Cambyses,
1799 2362 1936 2434 Cyri
1981 2362 2158 2429 filius,
2185 2371 2350 2436 post-

159 2448 309 2505 quam
334 2456 521 2497 annos
566 2440 814 2495 omnino
838 2446 1063 2512 septem
1100 2447 1161 2495 et
1200 2440 1464 2513 quinque
1491 2456 1722 2495 menses
1765 2450 2084 2515 regnasset,
2121 2459 2228 2497 nec
2253 2441 2352 2497 ul-

157 2509 257 2569 lam
302 2518 553 2589 prolem,
609 2534 715 2573 nec
742 2518 1087 2581 masculam,
1136 2535 1247 2575 nec
1276 2518 1636 2584 foemineam,
1687 2518 2030 2591 reliquisset.
2111 2522 2206 2585 At,
2245 2520 2347 2592 qui

156 2590 367 2651 aderant
394 2598 613 2662 Persoe,
641 2596 987 2669 persuadere
1014 2596 1127 2653 sibi
1152 2596 1315 2653 nullo
1340 2606 1512 2669 pacto
1541 2605 1882 2671 potuerunt,
1909 2598 2124 2672 Magos
2148 2616 2342 2655 rerum

156 2684 267 2727 esse·
298 2674 561 2747 potitos;
608 2674 708 2729 sed
758 2674 1087 2750 Cambysen
1134 2676 1550 2731 existimarunt
1591 2676 1908 2733 calumuioe
1937 2694 2166 2735 caussa
2219 2680 2348 2733 hoec

158 2745 347 2809 dixisse
368 2771 503 2827 quae
548 2752 625 2809 de
650 2762 843 2809 morte
868 2750 1127 2809 Smerdis
1168 2754 1413 2820 dixerat,
1454 2771 1571 2827 quo
1605 2754 1902 2811 Persicum
1945 2773 2126 2820 omne
2152 2774 2346 2831 genus

156 2825 217 2881 ad
253 2829 463 2889 bellum
510 2831 797 2889 adversus
840 2832 1011 2889 illum
1063 2832 1473 2890 concitaretur.
1555 2830 1636 2887 Hi
1685 2835 1868 2908 igitur
1907 2834 2344 2901 existimabant,

157 2902 391 2967 Smer-din
420 2911 569 2985 Cyri
598 2910 791 2968 filium
815 2911 1191 2969 insurrexisse
1232 2928 1600 2983 regnumque
1627 2928 1942 2984 occupasse
1968 2928 1983 2965 ε
2029 2929 2170 2969 nam
2195 2931 2346 2985 prae-

156 2980 310 3043 fracte
334 2990 515 3047 etiam
548 2990 810 3063 negabat
836 2990 1173 3061 Prexaspes,
1200 3008 1233 3044 a
1258 3006 1321 3045 se
1337 2990 1713 3045 interfectum
1739 3006 1864 3045 esse
1885 2986 2188 3060 Smerdin3
2235 3009 2349 3049 nec

156 3063 291 3155 enirn
316 3074 511 3125 tutum
544 3068 597 3125 ei
629 3076 771 3135 erat,
784 3076 1023 3126 mortuo
1046 3068 1335 3142 cambyse
1359 3067 1550 3133 fateri,
1576 3068 1716 3141 Cyri
1736 3066 1924 3123 filium
1949 3068 2131 3141 ipsius
2159 3086 2346 3127 manu

218 3160 277 3197 ru
370 3190 385 3205 ,
986 3186 993 3191 .
1466 3178 1472 3185 .
1537 3184 1542 3191 .

158 3156 561 3300 peegsqnagus
586 3227 791 3301 igitur,
842 3225 1086 3281 Smerdis
1130 3242 1349 3283 nomen
1394 3242 1707 3299 usurpans,
1752 3231 1988 3281 mortuo
2030 3226 2346 3301 Cambyse,

158 3312 244 3368 per
266 3313 484 3375 septem
530 3322 788 3371 menses,
818 3305 921 3378 qui
948 3304 1227 3379 Cambysi
1266 3304 1339 3360 ad
1368 3304 1782 3377 complendum
1813 3312 2088 3361 octavum
2117 3324 2344 3363 aunum

156 3376 468 3449 defuerunt,
518 3400 723 3441 secure
765 3384 1031 3458 regnavit
1047 3404 1064 3437 ε
1124 3380 1277 3439 iutra
1332 3384 1488 3455 quod
1534 3390 1768 3456 tempus
1809 3392 2051 3439 cunctos
2096 3383 2174 3441 im
2183 3383 2345 3457 perio·

157 3450 439 3517 Persarum
456 3458 755 3532 subjectos
774 3460 1115 3536 ingentibus
1138 3461 1349 3517 adfecit
1366 3461 1686 3525 beneficiiS,
1708 3462 1790 3515 ita
1808 3468 1874 3515 ut
1893 3462 2168 3519 eumdem
2187 3482 2345 3528 mor·

157 3536 307 3593 tuum
330 3539 729 3597 desiderarent
768 3558 977 3595 omnes
1018 3540 1171 3595 Asiae
1212 3541 1435 3613 populi,
1462 3540 1604 3612 ipsis
1653 3536 1842 3595 Persis
1876 3542 2153 3613 exceptis.
2233 3542 2346 3599 Di-

154 3611 322 3671 missis
362 3620 523 3681 euim
550 3634 671 3693 ‘per
716 3636 945 3684 omneS,
994 3619 1213 3691 quibus
1264 3618 1600 3691 imperavit,
1645 3617 1892 3691 populos
1954 3619 2344 3691 praeconibus,

156 3689 409 3765 edixerat,
440 3716 544 3771 per
574 3700 867 3755 triennium
905 3700 1166 3753 immunes
1188 3695 1323 3769 fore
1372 3714 1570 3761 omnes,
1613 3714 1778 3767 quum
1805 3716 1841 3751 α
1879 3700 2106 3763 militia,
2151 3706 2266 3755 tum
2307 3714 2344 3753 a

158 3769 355 3831 tributo.
434 3779 633 3849 Atque
673 3778 783 3834 hoc
825 3775 1083 3833 edictum
1131 3776 1397 3847 protinus
1439 3775 1942 3849 promulgaverat,
1989 3778 2345 3850 simulatque

158 3843 559 3911 insurrectione
585 3855 745 3911 facta
772 3855 905 3911 iniit
931 3872 1207 3928 regnum.
2185 3902 2194 3907 .

220 3931 309 3985 68.
348 3934 425 3989 At
450 3943 663 3989 octavo
691 3950 915 3997 mense,
954 3933 1224 4005 quisnam
1268 3939 1441 3995 esset,
1485 3932 1590 3989 tali
1636 3933 1814 3989 modo
1841 3940 2210 4005 compertum
2239 3943 2346 3993 est.

154 3999 273 4061 Fuit
290 4008 533 4077 Omnes,
567 4012 917 4083 Pharnaspis
944 4012 1127 4075 filius,
1157 4028 1389 4085 genere
1414 4022 1478 4067 et
1519 4012 1730 4085 opibus
1757 4028 1864 4083 par
1891 4012 1944 4067 ei
1987 4006 2092 4083 qui
2122 4013 2345 4084 primus

156 4094 287 4139 esset
310 4088 459 4147 inter
483 4092 709 4147 Persas,
789 4089 904 4145 Hic
932 4090 1153 4145 Otanes
1192 4090 1421 4161 primus
1448 4101 1790 4162 suspectum
1819 4086 2024 4147 habuit
2049 4089 2300 4165 Magum
2321 4118 2340 4162 3

155 4173 257 4217 non
291 4181 413 4224 esse
455 4168 727 4228 Smer-din
754 4170 895 4243 Cyri
940 4168 1153 4233 filium,
1188 4167 1289 4224 sed
1330 4186 1470 4228 eum
1499 4170 1602 4241 qui
1629 4178 1776 4235 erat,
1826 4167 1964 4229 inde
1997 4170 2345 4243 conjiciens,

1190 4264 1226 4301 u
1258 4251 1295 4302 2
