2925 4992
546 310 667 367 ⁴06
1142 296 1650 362 HERODOTI
1716 298 2088 361 HISTOR.
2135 300 2294 363 lx..

627 468 686 521 4.
710 460 961 521 Athenis
994 476 1181 537 quum
1215 468 1367 519 esset
1402 458 1774 525 Mardonius,
1803 458 1866 516 in
1907 456 2262 517 Salaminem
2297 459 2570 537 legatum
2589 459 2746 517 misit

548 542 980 619 Murycbidem,
1032 541 1225 597 virum
1276 538 1795 613 Hellespontiumf,
1861 539 1965 612 qui
2013 538 2248 595 easdem
2296 535 2748 597 Atheniensibus

546 618 911 679 conditiones
936 624 1309 694 proponeret,
1332 634 1480 691 quas
1501 616 1832 675 Alexander
1857 616 1930 673 ad
1957 617 2092 673 illos
2116 617 2454 690 pertulerat.
2527 619 2749 679 Quam·

546 717 727 775 quam
752 700 911 757 enim
924 700 1054 769 jam
1092 704 1265 754 antea
1300 692 1546 755 minime
1573 696 1792 757 amicas
1816 695 2264 753 Atheniensium
2289 706 2596 771 acceperat
2617 713 2752 753 sen-

545 780 783 846 tentias,
831 780 1045 835 iterum
1086 782 1287 831 tamen
1340 791 1500 837 nunc
1553 774 1734 839 misit,
1759 790 1996 847 sperans
2042 772 2174 831 illos
2217 773 2433 833 stolida
2481 775 2756 847 superbia

544 856 886 923 abstituros,
914 872 1097 930 quum
1124 852 1283 911 beno
1307 860 1480 927 capta
1515 860 1670 910 esset
1709 854 1976 909 universa
2001 852 2217 920 Attica,
2247 859 2307 911 et
2331 854 2394 909 in
2419 852 2607 927 ipsius
2625 848 2752 924 jam

543 945 697 995 esset
724 942 1029 1009 potestate.
1108 932 1243 991 Hac
1268 949 1470 989 caussa
1493 930 1904 1006 Murychidem
1933 932 1994 987 in
2021 931 2380 987 Salaminem
2405 932 2587 989 misit.

626 1021 683 1073 5.
718 1014 841 1077 Qui
888 1030 1077 1089 quum
1139 1009 1211 1067 ad
1270 1020 1538 1067 senatum
1591 1010 1869 1077 venisset,
1923 1010 2407 1083 exposuissetque
2456 1005 2756 1069 Mardonii

544 1091 865 1163 mandata3
907 1108 1068 1149 unus
1093 1107 1128 1146 e
1152 1090 1540 1155 senatoribus,
1565 1088 1839 1164 LycideS,
1871 1105 1978 1159 pro
2005 1089 2303 1145 sententia
2323 1088 2496 1155 dixit,
2529 1096 2575 1120 “
2599 1098 2756 1145 recte

542 1177 592 1204 “
616 1171 845 1229 factum
876 1171 991 1226 sibi
1027 1168 1227 1233 videri,
1256 1168 1307 1223 si
1346 1170 1679 1241 acciperent
1720 1166 2118 1223 conditionem
2155 1186 2193 1223 a
2230 1166 2586 1243 Murychide
2613 1167 2753 1240 ipsis

541 1255 585 1283 “
610 1249 995 1325 propositam,
1024 1247 1097 1303 de
1124 1263 1307 1321 eaque
1333 1246 1406 1303 ad
1432 1246 1720 1319 populum
1749 1242 2083 1301 referrent.”
2163 1244 2344 1303 Hanc
2377 1246 2478 1303 ille
2517 1254 2751 1303 senten-

540 1330 689 1387 tiam
713 1327 883 1393 dixit,
912 1329 1039 1383 sive
1078 1326 1235 1399 quod
1286 1326 1563 1400 pecunias
1605 1342 1643 1381 a
1681 1322 1993 1381 Mardonio
2033 1324 2371 1397 accepisset,
2419 1324 2548 1381 sive
2595 1325 2752 1399 quod

538 1408 649 1483 ipsi
694 1424 801 1483 per
844 1423 907 1463 se
952 1406 1037 1463 ita
1071 1402 1267 1461 visum
1307 1403 1537 1461 fuisset.
1619 1402 1731 1459 Sed
1775 1401 2065 1477 indignati
2103 1402 2512 1470 Athenienses,
2566 1422 2751 1477 quum

522 1493 862 1551 senatores,
888 1491 1019 1541 tum
1045 1481 1149 1557 qui
1172 1482 1319 1539 foris
1342 1482 1604 1551 stabant,
1632 1490 1699 1537 ut
1734 1488 2170 1559 cognoverunt,
2198 1482 2466 1555 protinus
2493 1482 2751 1539 circum-

538 1574 763 1623 stantes
786 1562 1069 1638 Lycidem
1114 1558 1409 1634 lapidibus
1448 1560 1800 1627 obruerunt,
1831 1558 2310 1633 Hellespontium
2348 1577 2491 1617 vero
2537 1560 2751 1635 Muty-

538 1643 771 1703 chidem
796 1640 1145 1699 dimiserunt
1184 1639 1565 1697 incolumem.
1645 1638 1796 1696 Orto
1835 1647 2034 1695 autem
2075 1638 2136 1693 in
2175 1639 2471 1696 Salamine
2513 1648 2754 1714 propter

535 1720 823 1795 Lycidem
849 1719 1135 1784 tumultu,
1161 1734 1345 1792 quum
1385 1716 1761 1774 rescivissent
1787 1716 2237 1774 Atheniensium
2278 1717 2578 1785 mulieres,
2611 1718 2752 1792 quid

536 1802 623 1859 rei
648 1807 823 1867 esset,
848 1800 1169 1855 cohortatae
1210 1797 1486 1863 invicem,
1514 1802 1576 1852 et
1613 1796 1730 1852 alia
1769 1795 1946 1851 aliam
1987 1795 2369 1869 prehendens,
2397 1796 2557 1853 ultro
2597 1798 2750 1854 aedes

537 1878 775 1955 Lycidis
802 1878 1115 1951 petierunt,
1144 1882 1205 1931 et
1232 1893 1476 1931 uxorem
1501 1870 1630 1944 ejus
1655 1883 1714 1930 et
1740 1874 1958 1930 liberos
1981 1874 2278 1947 lapidibus
2305 1874 2659 1932 obruerunt.

614 1961 674 2014 6.
697 1955 1076 2015 Athenienses
1104 1970 1241 2011 vero
1266 1954 1379 2010 hac
1404 1954 1630 2009 ratione
1657 1953 1716 2008 in
1747 1951 2106 2008 Salaminem
2145 1948 2508 2023 trajecerant.
2576 1956 2746 2017 Quo·-

534 2052 723 2111 usque
748 2033 1166 2107 exspectabant
1186 2032 1512 2089 exercitum
1555 2048 1630 2087 ex
1673 2030 2087 2106 Peloponneso
2126 2031 2241 2087 sibi
2281 2032 2506 2087 auxilio
2531 2026 2746 2091 ventu-

536 2130 685 2181 rum,
718 2113 782 2169 in
802 2110 997 2167 Attica
1032 2116 1418 2166 manserunt:
1466 2125 1654 2182 quum
1677 2126 1818 2165 vero
1845 2110 2037 2183 magis
2063 2111 2374 2185 magisque
2407 2111 2469 2167 in
2493 2110 2746 2187 longum

532 2194 659 2250 r‘em
688 2190 974 2249 ducerent
1008 2186 1464 2253 Lacedaemonii,
1513 2195 1574 2243 et
1616 2186 1988 2257 Mardonius,
2026 2196 2230 2246 contra
2265 2187 2425 2263 ipsos
2469 2206 2742 2262 movens,

522 2265 655 2342 jam
680 2270 743 2327 in
772 2268 1004 2327 Boeotia
1028 2284 1153 2324 esse
1178 2266 1490 2333 diceretur,
1515 2274 1664 2323 tunc
1689 2266 1928 2323 demum
1957 2268 2161 2323 omnia
2186 2285 2297 2323 sua
2332 2278 2742 2342 exportarunt,

532 2346 761 2425 ipsique
804 2347 870 2405 in
918 2345 1273 2403 Salaminem
1314 2342 1686 2402 transierunt.
1769 2345 1962 2401 Simul
1998 2362 2139 2402 vero
2185 2346 2416 2422 legatos
2463 2345 2746 2405 Lacedae-

532 2444 779 2487 monem
804 2426 1113 2491 miserunt,
1138 2423 1241 2499 qui
1281 2430 1341 2479 et
1389 2424 1463 2479 de
1505 2422 1988 2493 Lacedoemoniis,
2015 2424 2174 2498 quod
2202 2424 2533 2482 Barbarum
2580 2428 2744 2485 inva-

530 2507 669 2565 dere
694 2504 951 2564 Atticam
978 2504 1133 2578 passi
1168 2507 1379 2569 essent,
1410 2518 1538 2559 nec·
1567 2518 1767 2559 secum
1808 2503 1871 2558 in
1909 2502 2199 2560 Boeotiam
2245 2503 2487 2561 obviam
2533 2506 2591 2562 ei
2641 2524 2742 2564 oc-

528 2584 868 2650 currissent,
919 2586 1431 2656 conquererentur,
1485 2588 1546 2637 et
1595 2580 1730 2637 illos
1781 2580 2165 2640 admonerent
2215 2590 2510 2657 quantum
2563 2593 2742 2653 esset,

528 2664 689 2741 quod
737 2662 877 2736 ipsis
916 2660 1112 2727 Persa,
1156 2660 1209 2716 si
1238 2658 1313 2715 ad
1350 2658 1506 2716 illius
1553 2666 1747 2733 partes
1793 2660 2158 2727 transissent,
2199 2661 2502 2736 pollicitus
2544 2673 2699 2721 esset
2716 2690 2735 2737 ς

526 2738 785 2815 denique
821 2739 1199 2815 praedicerent
1235 2735 1728 2803 Lacedaemoniis,
1758 2738 1873 2794 nisi
1914 2738 2136 2795 auxilio
2177 2740 2449 2797 venirent
2491 2740 2740 2800 Atheni-

528 2819 789 2888 ensibus,
819 2818 977 2897 ipsos
1001 2818 1183 2876 etiam
1209 2834 1315 2892 per
1352 2834 1415 2873 se
1455 2816 1728 2875 levamen
1757 2816 1993 2891 aliquod
2021 2818 2364 2877 inventuros
2389 2836 2520 2877 esse
2545 2823 2737 2880 malo-

530 2918 685 2960 rum.
1458 2940 1468 2950 .
2691 2932 2704 2939 ·

536 3040 539 3045 ,
600 2986 661 3045 7.
700 2978 931 3055 Nempe
956 2978 1139 3037 festo's
1165 2976 1289 3036 dies
1314 2982 1459 3035 tunc
1505 2977 1765 3035 maxime
1791 2977 2053 3055 agebant
2079 2976 2541 3048 Laeedaemonii,
2569 2978 2736 3057 Hya·-

523 3056 747 3119 cinthia
798 3059 1181 3125 celebrantes,
1236 3057 1597 3130 maximique
1647 3057 1948 3115 faciebant
1999 3076 2125 3115 rem
2173 3058 2438 3116 divinam
2490 3076 2730 3118 curare:

522 3138 702 3197 simul
728 3155 871 3195 vero
896 3138 1077 3196 etiam
1100 3152 1340 3195 murum
1391 3136 1457 3193 in
1505 3134 1737 3193 Isthmo
1783 3136 2144 3205 muniebant,
2172 3138 2337 3213 isque
2373 3133 2509 3208 jam
2551 3134 2733 3197 lorica

524 3223 650 3276 erat
678 3217 1017 3275 instructus.
1597 3234 1606 3243 ·

601 3294 689 3353 Ut
708 3314 849 3352 vero
874 3295 1305 3353 Lacedaemonem
1332 3294 1502 3367 legati
1527 3290 1872 3351 Athenienses
1890 3300 2300 3370 pervenerunt,
2321 3310 2527 3353 secum
2552 3296 2728 3353 etiam

521 3374 965 3453 Megarensium
1035 3383 1097 3431 e't
1146 3372 1564 3431 Platoeensium
1623 3372 1905 3430 ducentes
1963 3374 2214 3449 legatos,
2268 3374 2594 3439 introducti
2660 3375 2731 3431 a'd

521 3454 816 3533 Ephoros‚
864 3454 928 3509 in
973 3452 1135 3510 hunc
1183 3450 1429 3509 modum
1475 3450 1655 3507 verba
1685 3451 1939 3514 ·fecere:
1997 3457 2057 3515 7.
2094 3457 2142 3509 1.
2201 3457 2251 3485 “
2275 3452 2570 3511 Miserunt
2623 3471 2726 3511 nos

519 3540 564 3567 “
592 3529 1013 3602 Athenienses3
1059 3532 1343 3598 dicentes,
1366 3528 1684 3587 Medorum
1713 3548 1912 3608 regem
1957 3548 2076 3587 non
2117 3530 2296 3589 modo
2327 3540 2548 3591 terram
2595 3532 2727 3589 nos'·

520 3618 565 3646 “
594 3621 749 3671 tram
776 3610 950 3678 nobis
974 3610 1190 3677 reddit,
1220 3626 1427 3666 verum
1472 3624 1580 3665 nos
1620 3626 1792 3683 sequa
1832 3608 2170 3667 conditione
2197 3610 2325 3666 sibi
2367 3612 2559 3668 socios
2598 3610 2728 3686 vult

522 3693 567 3725 “
594 3687 937 3767 adjungere,
987 3690 1113 3746 sine
1152 3688 1293 3745 dolo
1336 3696 1395 3745 et
1442 3686 1685 3755 fraude3
1727 3688 1902 3762 atque
1945 3688 2147 3755 etiam,
2192 3696 2404 3763 praeter
2443 3681 2722 3762 nost-ram,

519 3770 773 3828 “aliam
816 3767 992 3826 nobis
1024 3777 1241 3823 terram
1282 3766 1697 3838 vult1tradene,
1725 3782 2158 3841 quamcumque
2197 3768 2312 3841 ipsi
2353 3768 2721 3845 elegerimus.

520 3854 565 3882 ‘¹
592 3850 671 3907 At
696 3864 809 3905 nos
832 3846 1235 3904 Graecanicum
1264 3852 1594 3902 reverentes
1619 3843 1656 3900 J
1659 3860 1857 3913 ovem,
1886 3864 2128 3921 remque
2155 3845 2459 3922 indignam
2487 3864 2722 3905 censen-

518 3932 567 3960 “
594 3936 682 3988 tes
722 3927 967 4003 prodere
1017 3925 1326 3992 Graeciam,
1352 3941 1478 3983 non
1521 3940 1731 3982 sumus
1771 3925 1829 3981 ei
1878 3924 2127 4001 adsensi,
2156 3924 2258 3981 sed
2286 3925 2720 4001 repudiavimus

518 4010 565 4037 “
593 4004 1009 4073 conditionem,
1037 4020 1396 4080 quamquam
1438 4000 1657 4074 injuria
1695 4002 1914 4060 adfecti
1955 4019 1992 4060 a
2036 4003 2256 4061 Graecis
2283 4004 2638 4079 proditique,
2663 4014 2722 4061 et

436 4092 457 4115 ·
500 4086 563 4144 J‘
593 4084 745 4141 bene
771 4084 943 4157 gnari
968 4084 1147 4159 longe
1174 4082 1344 4139 nobis
1370 4081 1798 4139 conducibilius
1843 4098 1972 4139 esse
2011 4083 2351 4140 societatem
2379 4083 2719 4142 contrahere

522 4170 565 4195 “
595 4178 733 4221 cum
773 4162 975 4233 Persa,
1000 4180 1179 4237 quam
1219 4178 1423 4239 gerere
1466 4160 1733 4232 bellum;
1779 4176 1893 4219 nec
1937 4176 2076 4241 vero
2117 4176 2406 4236 umquam
2444 4160 2718 4221 ‘volentes
