2925 4992
534 316 659 373 no
1088 302 1594 365 HERODOTI
1661 294 2027 363 HISTOR.
2087 300 2170 365 11.

530 462 907 539 AEthiopicus
950 463 1103 539 lapis
1146 470 1253 523 est.
1332 460 1510 519 Hanc
1551 459 1918 538 pyramidem
1943 460 2286 523 Graecorum
2330 460 2604 535 nonnulli
2641 478 2764 537 pu-

529 554 663 606 tant
705 560 833 601 esse
878 542 1247 617 Rhodopidis
1292 541 1654 613 meretricis;
1714 538 1970 597 multum
2010 539 2148 597 falsi
2189 540 2516 599 sententiae.
2597 540 2768 605 Satis

530 622 985 695 enimadparet,
1008 638 1083 677 ne
1104 621 1343 679 novisse
1368 618 1610 693 quidem
1647 620 1756 675 hos
1799 634 2072 693 quaenam
2100 618 2316 679 mulier
2353 617 2536 678 fuerit
2577 616 2760 691 Rho-

533 701 741 778 dopisz
788 696 1007 773 alioqui
1054 698 1128 755 ad
1168 696 1335 755 illam
1362 715 1486 755 non
1515 698 1848 755 retulissent
1883 696 2385 755 constructionem
2410 688 2764 772 pyramidis,

532 798 665 855 quae
692 778 1017 835 innumeris
1054 776 1149 850 (ut
1187 777 1367 834 verbo
1408 774 1632 847 dicam)
1665 776 2026 836 talentorum
2062 772 2328 833 millibus
2367 776 2718 835 constiterat
2739 799 2757 833 ε·
2828 845 2838 852 ·

533 860 927 937 ignorareque
974 856 1209 913 eosdem
1254 855 1520 929 adparet,
1547 862 1831 931 regnante
1855 854 2057 913 Amasi
2091 853 2358 911 floruisse
2407 853 2764 929 Rhodopin,

536 954 659 997 non
684 936 865 1005 hujus
894 935 1047 1009 regis
1074 941 1263 991 aetate.
1342 934 1661 993 Permultis
1701 933 1860 990 enim
1899 932 2070 991 annis
2109 942 2244 1007 post
2281 950 2448 1009 reges
2489 933 2624 1000 hos,
2653 935 2768 1009 qui

532 1017 679 1079 istas
716 1014 1049 1088 pyramidas
1077 1019 1468 1070 monumenta
1513 1013 1609 1069 sui
1655 1012 2042 1085 reliquerunt,
2069 1011 2220 1071 vixit
2247 1012 2598 1085 Rhodopis;
2651 1029 2764 1089 ge-

534 1111 673 1153 nere
714 1092 988 1159 Thressa,
1018 1090 1229 1147 ancilla
1272 1087 1572 1149 ladmonis
1616 1090 1824 1156 Samii,
1869 1089 2390 1165 Hephaestopolios
2427 1089 2558 1156 filii,
2605 1108 2762 1148 eon·-

537 1189 711 1233 serva
754 1170 992 1244 AEsopi,
1044 1170 1383 1227 fabularum
1422 1169 1740 1243 scriptoris.
1820 1168 1980 1227 Nam
2027 1178 2089 1223 et
2133 1168 2430 1243 AEsopum
2477 1168 2766 1229 ladmoni

535 1249 825 1315 serviisse,
854 1266 1039 1323 quum
1068 1248 1303 1305 aliunde
1330 1256 1579 1313 constat,
1609 1254 1742 1312 tum
1770 1245 1883 1305 hoc
1909 1248 2192 1315 maxime,
2221 1247 2404 1322 quod,
2434 1255 2760 1323 postquam

532 1328 905 1403 Delphenses
932 1345 1007 1383 ex
1034 1326 1257 1383 oraculi
1283 1324 1457 1382 effato
1485 1326 1700 1399 saepius
1739 1325 2228 1399 proclamassent,
2271 1332 2311 1357 “
2341 1325 2393 1383 si
2415 1326 2549 1401 quis
2575 1326 2766 1385 vellet

535 1414 583 1441 “
610 1424 843 1483 poenam
875 1412 1133 1479 repetere
1160 1404 1331 1461 caedis
1372 1404 1646 1477 AEsopi,’'
1679 1420 1860 1461 nemo
1899 1404 2072 1471 alius,
2099 1405 2202 1477 qui
2241 1404 2404 1464 illam
2444 1412 2772 1477 repeteret,

535 1487 811 1545 inventus
839 1486 937 1550 sit,
968 1483 1082 1539 nisi
1120 1482 1427 1541 ladmonis
1462 1501 1537 1539 ex
1575 1481 1698 1539 filio
1735 1499 1952 1555 nepos,
1982 1482 2074 1541 cui
2103 1491 2164 1539 et
2203 1479 2316 1557 ipsi
2353 1481 2606 1547 ladmon
2649 1500 2766 1541 no·-
2875 1482 2880 1489 '

536 1582 681 1625 men
706 1573 849 1619 erat.
936 1562 1141 1635 ltaque
1167 1560 1471 1619 ladmonis
1499 1578 1700 1617 servus
1726 1559 1988 1635 AEsopus
2019 1561 2227 1617 fuerat.

625 1646 756 1707 185.
794 1640 1105 1715 Rhodopis
1145 1658 1285 1697 vero
1327 1640 1389 1697 in
1424 1640 1761 1715 AEgyptum
1799 1640 1978 1705 venit,
2007 1640 2260 1699 adducta
2301 1658 2338 1695 a
2375 1636 2624 1697 Xantho
2655 1640 2767 1699 Sa·-

539 1721 663 1781 mio
690 1743 703 1777 :
750 1720 1002 1777 adducta
1029 1736 1169 1775 vero
1195 1726 1263 1775 ut
1284 1726 1576 1792 quaestum
1626 1734 1868 1791 corpore
1913 1717 2153 1783 faceret,
2182 1736 2408 1793 magno
2450 1718 2644 1791 pretio
2673 1738 2768 1776 re·

539 1800 741 1859 demta
770 1806 861 1856 est
899 1815 936 1854 a
974 1798 1102 1853 cive
1128 1797 1472 1870 Mitylenaeo
1508 1796 1804 1863 Charaxo,
1847 1795 2368 1869 Scamandronymi
2407 1796 2552 1865 filio,
2579 1796 2770 1858 fratre.

544 1878 817 1953 Sapphus
843 1877 1104 1950 poetriae.
1188 1874 1281 1931 Ita
1328 1875 1516 1949 igitur
1557 1876 1840 1939 servitute
1889 1875 2138 1939 liberata
2177 1874 2508 1948 Rhodopis,
2539 1878 2772 1935 mansit

542 1956 607 2014 in
634 1956 905 2031 AEgypto
928 1976 941 2011 ε
988 1970 1287 2029 quumque
1308 1963 1558 2018 venusta
1581 1952 1900 2011 admodum
1919 1961 2092 2019 esset,
2115 1970 2368 2029 magnas
2395 1956 2770 2027 comparavit

538 2033 655 2093 sibi
678 2051 855 2109 opes;
900 2041 967 2089 ut
1006 2032 1247 2105 quidem
1290 2030 1616 2104 Rhodopis,
1647 2048 1758 2087 nec
1800 2049 1940 2088 vero
1967 2040 2034 2097 ut
2061 2050 2194 2105 quae
2237 2031 2416 2090 talem
2459 2041 2770 2095 exstruere

544 2112 911 2189 pyramidem
937 2117 1157 2185 posset.
1237 2109 1421 2175 Nam,
1450 2106 1620 2181 cujus
1659 2128 1844 2185 opum
1883 2110 2174 2169 decimam
2213 2118 2444 2187 partem
2481 2111 2557 2168 ad
2599 2111 2772 2175 hunc

541 2208 733 2266 usque
760 2191 919 2247 diem
944 2188 1284 2263 conspicere
1316 2188 1459 2245 licet
1497 2187 1844 2263 cuicumque
1873 2190 2119 2254 volenti,
2147 2189 2199 2245 ei
2217 2188 2348 2245 'non
2369 2188 2518 2253 adeo
2545 2190 2774 2266 ingen..

541 2279 633 2327 tes
658 2286 801 2344 opes
826 2276 1060 2342 oportet
1087 2266 1359 2323 tribuere.
1442 2267 1707 2341 Cupiens
1747 2268 1911 2327 enim
1949 2266 2258 2343 Rhodopis
2299 2277 2769 2337 monumentum

546 2350 643 2409 sui
684 2349 749 2407 in
798 2346 1026 2405 Graecia
1075 2347 1419 2421 relinquere,
1475 2346 1594 2403 tale
1643 2364 1790 2420 opus
1835 2345 2179 2403 faciendum
2219 2347 2470 2413 curavit,
2511 2346 2694 2419 quale
2733 2367 2774 2405 a

544 2427 781 2488 nemine
806 2426 923 2483 alio
949 2426 1045 2483 vel
1070 2426 1482 2499 excogitatum
1509 2424 1605 2481 vel
1631 2425 1696 2487 in
1727 2425 1950 2499 templo
1985 2424 2188 2498 aliquo
2228 2433 2382 2491 esset
2404 2425 2774 2493 dedicatum,

544 2506 813 2580 illudque
860 2504 1106 2581 Delphis
1149 2503 1213 2559 in
1258 2504 1347 2559 sui
1390 2503 1742 2561 memoriam
1785 2503 2092 2559 dedicavit.
2171 2501 2268 2559 Ex
2309 2503 2540 2561 decima
2580 2521 2774 2579 opum

546 2598 787 2647 suarum
814 2590 979 2656 parte
1004 2581 1367 2640 conficienda
1404 2582 1632 2639 currerit
1681 2582 2008 2655 complura,
2037 2588 2184 2655 quot
2219 2600 2324 2656 per
2367 2582 2666 2646 decimam
2692 2583 2774 2641 li..

546 2671 768 2729 onerat,
796 2662 989 2717 ferrea
1010 2678 1195 2717 verua
1220 2659 1479 2717 assandis
1505 2659 1696 2718 bobus
1717 2661 1946 2727 idonea,
1979 2662 2141 2735 [sive‚
2167 2660 2387 2717 ferreos
2411 2660 2772 2737 obeliscos‚]

546 2759 733 2817 eaque
759 2738 1029 2813 Delphos
1055 2739 1255 2806 misit:
1300 2757 1433 2815 quae
1458 2739 1641 2801 etiam
1665 2757 1820 2799 nunc
1847 2739 1908 2795 in
1933 2757 2120 2799 unum
2140 2738 2488 2797 fasciculum
2518 2740 2776 2799 collecta

548 2818 997 2895 conspiciuntur
1035 2824 1171 2891 post
1209 2816 1373 2875 aram
1412 2835 1596 2891 quam
1637 2818 1774 2875 Chii
1816 2817 2181 2885 dedicarunt,
2209 2836 2284 2875 ex
2310 2817 2556 2877 adverso
2579 2819 2774 2893 ipsius

548 2897 691 2961 aedis
716 2915 911 2957 sacrae.
992 2896 1197 2953 Solent
1242 2902 1444 2953 autem
1486 2895 1772 2954 Naucrati
1811 2897 2027 2954 versari
2070 2904 2338 2955 venustae
2381 2898 2770 2961 meretrices:

547 2995 688 3037 nam
714 2983 775 3035 et
795 2976 947 3049 :haec,
974 2975 1053 3047 de,
1074 2993 1193 3050 qua
1215 2974 1313 3033 hic
1338 2992 1532 3033 sermo
1573 2976 1848 3042 habetur,
1876 2975 1962 3031 ita
1985 2975 2280 3035 celebrata
2305 2984 2418 3043 est,
2447 2985 2516 3034 ut
2543 2976 2774 3037 Graecis

548 3056 831 3117 omnibus
857 3054 1183 3113 innotuerit
1206 3052 1576 3128 Rhodopidis
1601 3072 1816 3115 nomen
1841 3076 1854 3109 ε
1899 3061 1960 3113 et
1998 3061 2138 3129 post
2176 3055 2332 3125 hanc
2357 3055 2496 3123 alia,
2527 3056 2630 3113 cui
2655 3074 2775 3117 nov

548 3153 688 3197 men
716 3133 1051 3203 archidica,
1090 3150 1196 3207 per
1239 3132 1532 3189 Graeciam
1571 3141 1664 3191 est
1701 3132 2049 3211 nohilitata3
2095 3133 2298 3191 minus
2335 3141 2555 3200 tamen,
2580 3151 2774 3209 quam

548 3215 685 3283 ista,
710 3212 1089 3275 sermonibus
1114 3210 1429 3269 hominum
1452 3212 1762 3269 celebrata.
1845 3212 2184 3277 Charaxum
2209 3219 2411 3271 autem
2435 3212 2636 3281 illum,
2665 3215 2774 3290 qui

546 3290 867 3367 Rhodopin
898 3290 1179 3353 servitute
1200 3289 1492 3358 liberavit,
1517 3290 1850 3366 Mitylenen
1889 3306 2214 3358 reversum,
2243 3288 2450 3349 multis
2476 3294 2774 3353 conviciis

550 3370 791 3447 Sappho
842 3370 906 3426 in
958 3368 1323 3427 carminibus
1351 3370 1474 3427 suis
1497 3370 1780 3429 insectata
1825 3378 1934 3429 est.
2017 3369 2132 3429 Sed
2157 3370 2284 3433 haec
2309 3370 2383 3429 de
2407 3368 2774 3447 Rhodopide

552 3452 857 3509 hactenus.

632 3531 769 3587 186.
810 3527 951 3600 Post
974 3525 1378 3603 Mycerinum,
1407 3527 1684 3587 dixerunt
1707 3526 2056 3596 sacerdotes,
2083 3527 2336 3605 AEgypti
2360 3546 2563 3607 regem
2585 3529 2776 3597 fuisse

550 3606 819 3683 Acychin,
842 3626 883 3663 a
905 3624 1025 3682 quo
1069 3614 1411 3665 constructa
1432 3606 1504 3665 ad
1535 3606 1788 3667 Vulcani
1811 3606 2102 3680 tempium
2125 3609 2445 3689 propylaea,
2470 3610 2776 3671 orientem

552 3687 739 3745 solem
764 3686 1129 3760 spectantia3
1170 3686 1353 3763 longe
1378 3704 1450 3748 ea
1474 3686 1827 3761 pulcerrima
1851 3692 1913 3743 et
1937 3686 2120 3765 longe
2159 3689 2438 3747 maxima.
2518 3687 2776 3749 Habent

554 3766 719 3825 enim
746 3765 947 3823 omnia
982 3764 1221 3838 quidem
1272 3765 1572 3839 propylaea
1609 3771 1669 3821 et
1711 3765 1933 3842 figuras
1980 3765 2326 3842 insculptas,
2369 3773 2430 3823 et
2469 3766 2776 3831 infinitam

555 3844 935 3903 aedificiorum
986 3840 1329 3901 varietatem
1356 3867 1373 3911 ς
1430 3844 1556 3901 haec
1609 3856 1836 3911 autem,
1893 3847 2170 3907 omnium
2223 3842 2498 3905 maxime.
2609 3844 2778 3917 Hoc,

552 3924 808 3991 aiebant,
838 3929 1148 4000 regnante,
1178 3939 1364 3996 quum
1408 3940 1631 3998 magna
1653 3922 1715 3979 in
1745 3926 2114 3983 commerciis
2148 3932 2300 3984 esset
2341 3921 2544 3998 inopia
2583 3941 2776 3999 pecu-2

557 4003 694 4069 niae,
719 4003 915 4079 legem
959 4002 1145 4059 latam
1192 4017 1319 4057 esse
1368 3997 1685 4077 AEgyptiis,
1710 4000 1822 4067 uti,
1863 4002 1966 4075 qui
2007 4004 2192 4078 patris
2233 4002 2483 4065 cadaver
2524 4002 2776 4080 pignori

556 4080 747 4147 daret,
766 4081 823 4151 'ei
848 4099 931 4147 ses
953 4080 1218 4137 alienum
1244 4078 1614 4137 crederetur:
1655 4074 2060 4156 adiectumque
2099 4084 2154 4142 ei
2194 4083 2394 4159 legem
2427 4098 2556 4146 esse
2599 4084 2783 4155 hanc,

557 4167 644 4230 ut,
674 4159 778 4236 qui
798 4159 1056 4219 dedisset
1096 4175 1179 4217 ωε
1223 4157 1508 4229 alienum,
1536 4159 1586 4218 is
1623 4159 1804 4219 totius
1845 4160 2028 4223 etiam
2071 4160 2384 4225 conditorii
2427 4161 2782 4239 sepulcralia
