2925 4992
1131 339 1262 398 GL
1290 341 1319 398 1
1349 341 1422 400 ο.
1760 337 1765 342 “
2302 353 2381 408 49

155 499 240 554 ni}
285 498 550 574 adtinere
593 499 654 556 in
701 497 1014 574 praesentia
1055 506 1217 556 ratus
1257 509 1327 557 ut
1366 500 1653 556 continuo
1700 501 1977 574 adversus
2026 503 2207 575 Ionas
2250 504 2379 574 iret.

156 570 452 634 Obstabat
479 577 638 635 enim
668 577 966 650 Babylon,
995 586 1058 635 et
1083 577 1394 634 Bactriana
1415 595 1585 654 gens,
1614 589 1672 635 et
1697 578 1854 637 Sacae
1879 575 2055 656 atque'
2078 581 2371 662 AEgxpiii,

156 657 214 711 in
247 675 401 730 quos
441 659 569 730 ipse
599 657 1036 730 expeditionem
1067 657 1369 732 cogitabat
1395 660 1707 732 suscipere,
1734 661 2010 718 adversus
2034 661 2205 718 Ionas
2234 659 2383 736 vero,

155 735 339 790 alium
368 737 608 792 mittere
635 737 865 792 ducem.

237 817 371 870 154.
417 815 506 871 Ut
547 833 688 870 vero
731 813 1008 870 Sardibus
1047 815 1388 886 discesserat
1417 815 1625 890 Cyrus,
1654 815 1850 892 Lydos
1878 817 2122 894 Pactyas
2162 819 2233 874 ad
2264 819 2368 876 de-

153 893 529 960 sciscendum
555 911 590 948 a
612 893 838 950 Tabalo
863 901 923 947 et
943 894 1096 968 Cyro
1124 895 1414 968 permovit
1438 916 1449 948 ε
1482 903 1542 950 et
1569 891 1637 950 ad
1666 915 1827 952 mare
1846 897 2164 971 profectus,
2182 916 2369 972 quum

156 989 369 1028 aurum
426 988 604 1028 omne
653 989 727 1028 ex
761 967 1035 1028 Sardibus
1075 973 1137 1028 iu
1191 982 1483 1046 potestate
1530 973 1791 1040 haberet,
1835 977 2055 1032 auxilia
2103 977 2369 1033 mercede

156 1052 462 1124 conduxit,
497 1045 926 1128 maritimisque
965 1052 1302 1128 bominibps
1347 1043 1428 1106 ut'
1459 1069 1655 1125 secum
1706 1051 2025 1118 militarent
2066 1056 2367 1128 persuasit.

153 1123 310 1186 Tum
338 1127 610 1210 exercitu
635 1115 914 1186 adversus
941 1123 1145 1204 Sardes
1174 1128 1370 1198 ductu,
1395 1127 1690 1205 Tabalum
1718 1117 2103 1218 oppugrjxaviss
2134 1135 2195 1189 in
2236 1153 2381 1196 arce.

155 1211 532 1280 conclusum.
1778 1211 1787 1220 ’

232 1291 371 1359 155.
411 1287 507 1355 Ea
542 1305 608 1344 re
649 1288 710 1344 in
755 1287 966 1344 itinere
1005 1289 1270 1363 cognita,
1303 1289 1490 1361 Cyrus
1530 1289 1621 1344 his
1668 1291 1860 1345 verbis
1887 1291 2159 1346 Croesum
2204 1308 2381 1364 com-0

152 1366 414 1439 pellavit.
503 1371 546 1398 “
580 1360 804 1447 Crasse,
833 1368 964 1446 quis
1003 1368 1151 1436 mihi
1194 1369 1303 1424 erit
1339 1369 1547 1423 harum
1591 1387 1783 1425 rerum
1827 1369 2000 1436 finis?
2044 1371 2181 1426 Non
2218 1369 2367 1446 desi-

155 1452 194 1477 ‘'‘
224 1457 380 1508 nent
405 1445 580 1520 Lydi,
602 1447 694 1520 uti
717 1435 967 1520 videtur,
987 1456 1046 1501 et
1075 1439 1404 1522 molestiam
1431 1465 1627 1515 creare
1652 1447 1821 1512 mibi,
1842 1457 1903 1519 et
1931 1448 2039 1522 ipsi
2064 1448 2177 1516 sibi
2206 1447 2375 1522 exhi--⁴

155 1530 197 1556 “
227 1525 371 1580 bere
387 1527 414 1580 ’ἓ
450 1517 622 1580 Subit.
645 1524 910 1580 animum
931 1521 1233 1616 cogitatio,
1250 1515 1547 1598 optimum
1573 1527 1717 1591 fore,
1742 1533 1812 1580 ut
1836 1521 2067 1600 p'ror'sus
2093 1527 2151 1581 iu
2183 1529 2365 1596 servi-

154 1608 192 1634 “
218 1595 420 1665 tutem*
465 1595 583 1658 eos'
607 1601 888 1677 redigam.
971 1599 1250 1681 Similiter
1287 1604 1448 1680 enim
1494 1621 1653 1660 nunc
1694 1603 1841 1658 mibi
1884 1604 2085 1659 videor
2128 1603 2363 1670 fecisse,

153 1689 190 1712 “
217 1675 405 1758 atque
453 1683 502 1737 si
551 1683 706 1756 quis,
743 1699 992 1772 quorum
1035 1690 1262 1754 patrem
1301 1681 1629 1747 occidisset,
1672 1682 1807 1737 filiis
1852 1683 2192 1756 pepercerit.
2274 1681 2371 1739 Sic

157 1767 197 1791 ‘¹
223 1777 452 1834 nempe
479 1769 540 1816 et
567 1768 702 1836 ego',
731 1757 912 1844 quum
943 1767 1002 1815 te
1041 1761 1103 1816 in
1148 1767 1434 1833 potestate
1484 1761 1705 1816 habens
1742 1779 1973 1816 mecum
2002 1761 2237 1827 ducam,
2266 1763 2370 1836 qui

153 1846 193 1870 “
219 1840 488 1917 amplius
527 1841 709 1916 etiam
751 1830 969 1912 aliquid
996 1857 1176 1913 quam
1217 1847 1381 1912 pater
1421 1839 1537 1894 illis
1577 1839 1759 1904 fuisti,
1788 1840 1929 1912 ipsis
1955 1839 2133 1913 Lydis
2162 1841 2369 1897 urbem

152 1924 192 1950 “
219 1911 442 1974 tradidi
463 1911 488 1973 :²
521 1935 592 1996 ac
612 1909 752 1994 ‘dein
777 1910 976 1984 miror,
999 1937 1036 1974 a
1061 1935 1158 1973 me
1184 1935 1282 1974 eos
1307 1917 1619 1976 descivisse
1645 1918 1700 1973 !'’
1748 1915 1839 1974 Sic
1868 1919 1964 1974 ille
1996 1937 2128 1993 quae
2156 1917 2369 1976 sentie-

152 1997 248 2054 bat
294 1998 470 2053 dixit.
555 1993 668 2052 'eui
714 1996 972 2060 CroesuS,
1000 1998 1224 2053 veritus
1269 2014 1344 2052 ne
1386 1995 1647 2053 funditus
1695 2005 1977 2054 everteret
2018 1995 2243 2064 SardeS,
2277 1999 2369 2054 his

152 2077 348 2133 verbis
392 2077 712 2151 respondit.
795 2081 834 2106 “
863 2075 1062 2148 AEqua
1101 2078 1300 2142 sunt,'’
1331 2075 1541 2149 inquit,
1574 2082 1617 2106 “
1642 2075 1794 2140 Rex,
1824 2095 1955 2150 quae
1994 2077 2209 2132 dixisti.
2288 2080 2404 2148 At„

153 2159 196 2186 ‘³
220 2163 294 2212 tu
321 2164 528 2212 tamen
557 2173 630 2211 ne
655 2170 892 2228 prorsus
921 2153 1234 2228 indulgeas
1263 2155 1387 2220 irae,
1419 2173 1525 2210 nec
1552 2155 1785 2228 penitus
1810 2164 2036 2211 evertas
2062 2156 2379 2230 antiquam-

153 2241 193 2266 “
219 2235 461 2302 urbem,
505 2252 638 2309 quae
679 2241 740 2289 et
783 2239 920 2288 ante
963 2239 1229 2288 actorum
1269 2233 1470 2288 insons
1512 2241 1619 2298 est,
1663 2241 1717 2288 et
1768 2251 1975 2289 eorum
2026 2252 2158 2307 quae
2210 2253 2383 2298 nunc,

155 2318 194 2345 “
219 2320 518 2388 aguntur.
597 2311 779 2376 Nam,
811 2329 943 2386 quae
979 2319 1119 2366 ante
1158 2323 1290 2366 acta
1331 2319 1493 2377 sunt,
1522 2326 1591 2366 ea
1616 2329 1731 2386 ego
1770 2311 1903 2377 feci,
1930 2320 1995 2391 et
2016 2330 2150 2367 meo
2178 2315 2369 2386 capite

155 2399 191 2423 “
221 2393 472 2465 culpam
513 2391 633 2446 luo,
713 2391 866 2451 Quae
893 2407 1032 2446 vero
1074 2407 1238 2445 nunc
1277 2400 1555 2466 aguntur,
1584 2407 1790 2464 eorum
1831 2390 2219 2466 reuslPuctias
2250 2399 2365 2458 est,

155 2477 197 2501 “
227 2467 409 2540 cujus
435 2480 502 2527 tu
532 2469 669 2526 fidei
697 2469 903 2526 Sardes
929 2468 1274 2524 commisisti
1299 2495 1314 2534 ς
1353 2461 1456 2546 hin}
1483 2459 1716 2541 tibi‘det
1744 2487 1960 2542 poenaS.
2018 2468 2199 2542 Lydis
2227 2466 2379 2550 vero*

151 2556 192 2580 “
219 2551 381 2606 dans·
405 2549 660 2614 veniam,
689 2549 814 2604 baec
841 2547 956 2603 illis
987 2548 1243 2622 impone,
1276 2565 1352 2602 ne
1377 2541 1621 2622 posthac
1648 2566 1683 2602 a
1711 2556 1769 2602 te
1796 2548 2083 2612 deficiant,
2113 2556 2215 2603 aut
2241 2543 2383 2604 ullo'

153 2628 406 2685 “modo
445 2623 756 2684 metuendi
789 2625 939 2682 sint.'
1001 2625 1204 2682 Missis
1253 2627 1484 2686 nunciis
1529 2626 1858 2682 interdicito
1906 2627 2042 2692 illis,
2080 2644 2165 2681 ne·
2203 2645 2369 2682 arma

158 2710 196 2738 “
225 2707 571 2780 possideant
601 2699 838 2773 bellica3
878 2711 940 2766 ‚et
963 2692 1189 2780 tufficas
1209 2702 1358 2774 jube
1383 2697 1484 2778 eos
1502 2705 1615 2760 sub
1640 2705 1829 2778 palliis
1856 2713 2105 2780 gestare,
2128 2706 2367 2761 cothur-

155 2793 192 2817 “
224 2781 472 2859 nosque,
504 2777 606 2859 pro
649 2777 854 2842 caiceis
895 2783 1138 2858 iuduere
1160 2806 1185 2848 ε,
1217 2783 1473 2857 denique
1501 2783 1629 2840 edic
1654 2791 1721 2840 ut
1765 2801 1973 2856 pueros
2014 2801 2154 2838 suos
2197 2784 2368 2840 insti-

157 2872 197 2896 “
227 2872 408 2948 ωερε
446 2855 748 2938 citharam
779 2859 1035 2941 pulsa‘re,
1068 2871 1128 2916 et
1168 2879 1396 2942 canere,
1431 2873 1493 2916 et
1531 2870 1921 2938 mercaturam
1962 2880 2263 2918 exercere:
2308 2873 2377 2944 et

156 2949 195 2975 “
221 2935 636 3011 mox'vide'bis
677 2959 796 3008 eOS,
826 2931 862 2999 ὀ
898 2934 1050 3006 Rex,
1079 2939 1352 3018 foeminas
1393 2949 1485 3018 eir·
1505 2937 1643 2996 viris
1687 2937 1893 3015 faetps,
1919 2953 1989 2994 ut
2030 2959 2203 3014 porro
2245 2959 2369 3006 non

156 3027 198 3053 “
225 3013 314 3087 sit,
330 3014 494 3096 ‹suod
519 3021 770 3076 verearis
793 3035 874 3074 ne
904 3037 938 3074 a
963 3027 1024 3073 te
1049 3015 1384 3074 deficiant.''
1570 3019 1574 3025 '
1621 3019 1629 3026 “

235 3105 373 3158 156.
423 3099 572 3156 H'aee
605 3100 758 3172 Cyro
787 3099 1021 3168 Grgesus
1055 3093 1259 3162 suasit,
1288 3091 1639 3170 optabiliora
1664 3097 1847 3182 Lydis
1890 3105 2069 3162 natue,
2099 3116 2273 3172 quam
2306 3101 2367 3158 in

153 3182 504 3236 servitutem
539 3177 726 3250 redigi
751 3189 812 3233 et
856 3195 960 3253 pro
1005 3175 1310 3252 mancipiis
1337 3176 1556 3231 vendi:
1602 3178 1803 3268 pngre
1830 3177 2047 3251 quippe
2074 3177 2367 3253 intellige-

155 3253 275 3325 bat,
315 3252 433 3315 nisi
479 3255 840 3330 probabilem
881 3255 1132 3310 adferret
1179 3254 1461 3311 rationem
1500 3251 1621 3310 non
1676 3251 2090 3330 persuasurum
2138 3275 2197 3312 se
2242 3275 2369 3314 esse

157 3337 335 3410 Cyro,
365 3343 439 3392 ut
481 3341 740 3394 mutaret
777 3331 1118 3404 consilium3
1163 3333 1338 3388 simul
1381 3351 1520 3408 vero
1549 3327 1817 3409 timebat,
1850 3353 1922 3390 ne
1962 3335 2035 3415 in}
2066 3347 2375 3410 pos-terum-

157 3413 476 3490 a‘iiquando
522 3414 698 3488 Lydi,
741 3414 787 3468 si
837 3409 1086 3487 praesens
1134 3413 1473 3486 periculum-
1510 3404 1853 3489 evas'isse'nt,
1896 3414 2291 3488 desciscere-nt,-
2334 3434 2369 3472 a

155 3493 348 3558 Persis
376 3488 624 3566 'seseque
650 3489 942 3564 perditum
981 3491 1144 3546 irent.
1228 3483 1414 3564 Cyrus
1443 3491 1850 3570 admonitipne
1878 3493 2065 3548 Croesi
2104 3495 2365 3568 gavisuS,

155 3591 214 3630 se
255 3570 311 3630 ei
357 3573 690 3648 pariturum
731 3571 848 3626 ait:
895 3577 956 3626 et
997 3577 1208 3624 vocato
1247 3570 1321 3625 ad
1370 3587 1432 3625 se
1474 3569 1727 3635 Mazari,
1766 3571 1992 3641 homini
2035 3570 2239 3635 Medo,
2268 3572 2367 3627 dat

155 3646 536 3716 mandatum,
577 3659 669 3715 ut,
712 3667 844 3724 quae
887 3649 999 3722 ipsi
1041 3649 1276 3704 Croesus
1319 3655 1599 3724 suaserat,
1643 3649 1757 3704 illis
1798 3651 2143 3722 imperaret3
2196 3659 2366 3704 caete-

155 3741 286 3788 rum
333 3721 755 3795 alios'omneS,
789 3728 891 3802 qui
935 3743 1072 3782 cum
1110 3726 1294 3800 Lydis
1334 3736 1543 3782 contra
1586 3727 1793 3782 Sardes
1838 3729 2215 3793 militassent,
2254 3728 2367 3783 sub

155 3811 326 3867 hasta
365 3803 669 3884 venderet,
699 3809 892 3892 ipsum
932 3813 1134 3864 autem
1172 3804 1430 3884 Pactyau
1468 3806 1677 3888 utique
1724 3808 1923 3863 vivum
1967 3805 2039 3861 ad
2080 3823 2143 3860 se
2183 3803 2291 3861 add
2302 3824 2395 3886 u‘.

159 3899 331 3948 ceret.
574 3907 580 3911 ·
963 3920 974 3928 -
1608 3895 1613 3902 ’

242 3965 372 4033 157.
417 3967 534 4024 His
561 3967 662 4030 ille
690 3967 982 4038 mandatis
1011 3983 1082 4028 ex
1109 3963 1514 4042 itineredatis,
1540 3963 1851 4040 Persarum
1869 3963 1937 4019 in
1970 3956 2367 4036 sedes'prope-

159 4049 322 4105 ravit.
406 4039 656 4122 Pactyas
683 4057 901 4109 autem,
926 4044 1029 4100 ubi
1055 4036 1290 4100 rescivit
1306 4040 1375 4098 'in
1455 4043 1737 4118 ropinquo
1762 4059 1887 4098 esse
1915 4040 2251 4114 exercitum,
2267 4043 2368 4116 ad·

95 4131 100 4142 ⁸
158 4133 356 4184 versus
386 4141 449 4182 se
495 4119 993 4198 proficiscentem,
1023 4123 1234 4178 timens
1273 4121 1384 4176 sibi
1447 4139 1633 4196 ugam
1678 4120 2007 4194 capessivit,
2039 4128 2099 4175 et
2139 4121 2366 4194 Cymen

161 4207 442 4278 pervenit.
527 4192 822 4278 Maiares,
855 4219 991 4258 cum
1027 4200 1320 4277 probabili
1347 4193 1509 4276 parte
1534 4200 1835 4275 copiarum
1862 4199 1998 4276 Cyri
2024 4199 2233 4257 Medos
2261 4200 2365 4256 ad-
2426 4227 2434 4232 -

1214 4296 1255 4334 Η
