2925 4992
547 302 666 359 322
1088 291 1585 357 HERODOTI
1642 290 2011 353 HISTOR.
2059 289 2200 351 v11.

637 458 734 515 64.
773 457 994 515 Bactrii
1027 457 1236 531 capitis
1261 453 1428 511 cultu
1466 458 1696 508 utentes
1736 449 2073 509 militabant
2109 448 2289 509 simili
2324 446 2675 507 fereMedieo
2692 470 2712 518 ς

558 526 826 595 arcubus‘
851 554 990 593 vero
1033 554 1105 593 ex
1145 532 1434 591 arundine
1476 530 1771 605 indigena,
1803 529 1984 587 hastis
2022 530 2319 587 brevibus.
2396 526 2571 593 Sacae,
2595 526 2717 600 Scy-

560 617 720 672 thica
758 631 930 691 gens,
960 614 1028 671 in·
1063 614 1251 687 capite
1291 611 1568 684 cyr-basias
1604 609 1912 683 gestabant
1952 610 2015 665 in
2059 617 2299 666 acutum
2326 606 2647 664 desinentes
2672 609 2725 659 et

558 694 805 751 firmiter
842 700 1062 750 erectas
1079 718 1098 763 3
1141 699 1420 749 coeterum
1459 688 1681 744 braccis
1721 697 1888 744 erant
1928 688 2156 744 induti:
2201 704 2371 743 arcus
2408 693 2602 742 autem
2636 682 2723 739 ha·

559 772 783 829 bebant
807 771 1136 847 indigenas,
1166 778 1224 826 et
1249 768 1555 843 pugiones,
1585 766 1783 821 adhaec
1807 768 2103 824 securium
2133 782 2348 843 genuS,
2376 782 2508 836 quae
2530 778 2726 835 sagam

557 859 868 908 vocantur.
951 850 1103 915 Hos,
1146 866 1328 921 quum
1370 846 1602 919 Scythae
1642 853 1837 902 essent
1877 844 2163 921 Amyn-gii,
2206 845 2381 901 Sacas
2427 840 2722 899 vocabant:

558 928 752 986 Persa:
782 929 940 985 enim
970 927 1208 1002 Scythas
1235 928 1406 981 Sacas
1447 923 1771 978 nominant.
1854 923 2224 980 Bactriorum
2266 930 2467 979 autem
2492 931 2551 977 et
2576 922 2726 976 Saca-

559 1026 691 1064 rum
719 1007 841 1063 dux
866 1006 981 1063 fuit
1008 1006 1352 1081 HystaspeS,
1381 1001 1546 1059 Darii
1575 1001 1727 1056 filius
1755 1010 1813 1057 et
1836 1002 2081 1069 Atossae,
2110 1001 2251 1076 Cyri
2276 1001 2431 1057 filiae.

639 1088 734 1143 63.
775 1085 907 1141 Indi
936 1086 1192 1141 vestibus
1222 1088 1384 1139 erant
1411 1080 1603 1135 induti
1634 1098 1706 1135 ex
1736 1082 2015 1155 gossypio
2055 1080 2273 1154 paratis
2297 1096 2313 1134 ε
2357 1096 2527 1137 arcus
2552 1084 2731 1135 autem

559 1165 855 1222 habebant
879 1182 952 1222 ex
979 1164 1259 1221 arundine
1286 1160 1491 1228 factos,
1520 1166 1577 1213 et
1605 1158 1723 1215 tela
1762 1160 2083 1215 arundinea
2107 1158 2262 1214 ferro
2301 1158 2558 1232 praefixa.
2630 1156 2733 1213 Hic

559 1243 754 1300 cultus
783 1242 1070 1300 Indorum
1096 1248 1221 1298 erat
1245 1263 1258 1296 ε
1304 1255 1557 1315 quorum
1594 1237 1813 1313 agmini
1844 1238 1965 1294 dux
2003 1236 2315 1313 praefectus
2342 1244 2468 1294 erat
2492 1236 2731 1293 Pharna-

560 1322 816 1388 zathreS,
849 1319 1139 1378 Artabatis
1166 1320 1338 1375 filius.

637 1404 736 1457 66.
776 1397 898 1457 Arii
925 1400 1173 1456 arcubus
1200 1398 1434 1472 quidem
1476 1392 1745 1451 instructi
1772 1403 1941 1451 erant
1966 1392 2253 1451 Medicisz
2298 1394 2519 1469 reliqua
2542 1392 2735 1451 similia

557 1478 807 1537 Bactriis
848 1478 1160 1536 habebant.
1246 1476 1390 1549 Dux
1428 1483 1623 1531 autem
1652 1474 1921 1531 Ariorum
1962 1473 2253 1531 Sisamnes
2293 1472 2426 1539 fuit,
2462 1472 2733 1547 Hydarnis

560 1558 736 1615 filius.
815 1558 1035 1626 Parthi,
1065 1564 1123 1614 et
1149 1554 1500 1619 Chorasmii,
1528 1561 1586 1609 et
1627 1550 1825 1627 Sogdi,
1854 1560 1912 1607 et
1940 1552 2241 1617 Gandarii‚
2270 1560 2331 1609 et
2362 1550 2625 1618 Dadicae,
2648 1568 2735 1609 eo·

559 1636 697 1693 dem
739 1636 916 1693 modo
959 1636 1223 1693 instructi
1265 1633 1602 1689 militabant
1640 1641 1817 1704 atque
1856 1631 2093 1687 Baetrii.
2174 1629 2403 1703 Parthis
2454 1639 2648 1687 autem
2687 1637 2737 1686 et

560 1715 913 1774 Chorasmiis
932 1710 1168 1789 praefuit
1185 1711 1528 1776 Artabazus,
1553 1710 1861 1765 Pharnacis
1879 1710 2060 1765 filius:
2086 1706 2291 1785 Sogdis
2312 1711 2562 1776 Azanes,
2585 1706 2739 1767 Artaei

557 1794 752 1866 filius;
798 1794 1102 1851 Gandariis
1130 1800 1189 1849 et
1214 1790 1452 1847 Dadicis
1481 1789 1818 1863 Artyphius,
1847 1788 2152 1845 Artabani.

638 1877 733 1937 67.
776 1874 971 1947 Caspii
998 1870 1242 1947 penulas
1270 1866 1461 1925 induti
1498 1869 1760 1941 (si-syrnos
1783 1867 2019 1936 vocant)
2049 1866 2401 1934 militabant,
2420 1876 2487 1925 et
2512 1866 2737 1925 arcubus

557 1968 665 2025 pro
692 1948 895 2025 populi
931 1968 1094 2007 more
1122 1968 1195 2005 ex
1221 1947 1503 2004 arundine
1543 1946 1847 2015 instructi,
1895 1946 2103 2002 ducem
2146 1944 2429 2003 habentes
2462 1947 2738 2003 Ariomar·

557 2029 724 2095 dum,
750 2029 1019 2103 Artyphii
1054 2029 1313 2083 fratrem.
1396 2025 1675 2099 Sarangae
1701 2026 1870 2093 pictis
1891 2025 2081 2079 ornati
2113 2024 2374 2081 vestibus
2399 2034 2589 2092 erant,
2614 2025 2737 2081 cali-

557 2124 781 2183 gasque
806 2106 1096 2164 habebant
1122 2123 1280 2181 genu
1316 2120 1501 2175 usque
1540 2104 1913 2176 pertinentes,
1944 2120 2109 2159 arcus
2135 2120 2275 2158 vero
2300 2112 2357 2159 et
2398 2104 2601 2160 hastas
2622 2104 2739 2160 Me·

556 2184 734 2243 dicas,
823 2186 961 2242 Dux
1015 2202 1217 2241 eorum
1264 2181 1653 2237 Pherentlates
1711 2180 1847 2247 fuit,
1891 2180 2205 2257 Megabazi
2257 2182 2433 2239 filius.
2522 2183 2741 2257 Pactyes

557 2264 798 2339 sisyrnis
847 2276 1011 2321 erant
1058 2262 1273 2327 induti,
1315 2276 1597 2333 arcusque
1645 2260 1956 2334 indigenas
2003 2268 2063 2317 et
2107 2260 2395 2337 pugiones
2448 2261 2742 2318 habebant.

557 2342 803 2399 Praefuit
829 2344 920 2399 his
949 2344 1242 2415 Artyntes,
1270 2336 1608 2395 Ithamatris
1637 2338 1837 2393 filius.'

639 2426 734 2479 68.
779 2422 904 2478 Utii
945 2428 1004 2476 et
1029 2420 1191 2495 Myci
1232 2427 1290 2474 et
1333 2418 1621 2473 Paricanii
1660 2418 1867 2473 eodem
1908 2416 2109 2483 modo,
2140 2434 2258 2491 quo
2300 2417 2444 2475 Pact
2488 2437 2569 2487 es,
2598 2424 2745 2477 erant

556 2498 844 2558 instructi.
924 2498 1070 2556 Dux
1098 2506 1295 2554 autem
1325 2496 1601 2561 Utiorutn
1632 2504 1689 2550 et
1714 2495 2023 2569 Myeorum
2053 2498 2403 2555 A'rsamenes
2432 2436 2573 2567 giit,
2600 2494 2741 2555 Darii

555 2581 712 2637 filius
737 2607 756 2651 3
803 2578 1236 2635 Paricaniorum
1261 2592 1400 2629 vero
1429 2574 1781 2639 SiromitreS,
1812 2572 2086 2631 OEobazi.

637 2662 732 2713 69.
773 2656 1012 2721 ArabeS,
1055 2656 1211 2729 sagis
1257 2652 1566 2718 succincti,
1596 2670 1739 2727 quas
1787 2655 1959 2708 zeiras
2002 2660 2232 2721 vocant,
2264 2655 2472 2713 dextro
2518 2658 2745 2713 humero

557 2755 726 2795 arcus
756 2734 1085 2809 praelongos
1123 2730 1462 2809 gestabant,
1491 2728 1593 2804 qui
1638 2732 1698 2787 in
1743 2740 2056 2805 utramque
2095 2733 2316 2790 intendi
2356 2744 2586 2808 partem
2624 2740 2744 2810 pot·

555 2824 745 2873 erant.
821 2812 1156 2885 AEthiopes,
1202 2810 1517 2884 pardorum
1557 2808 1913 2883 leonumque
1942 2810 2190 2883 pellibus
2219 2812 2443 2880 amicti,
2472 2832 2641 2871 arcus
2682 2830 2745 2869 ex

555 2894 771 2967 palmae
799 2892 1008 2965 spatha
1034 2891 1321 2946 habebant
1348 2888 1699 2963 praelongOS,
1730 2897 1981 2961 quatuor
2010 2906 2125 2946 non
2152 2890 2355 2947 minus
2380 2893 2739 2961 cubitorum3

554 2974 673 3029 tela
697 2990 860 3036 vero,
890 2968 982 3031 his
1006 2968 1383 3044 imponenda,
1415 2968 1633 3033 brevia,
1662 2984 1793 3040 quae
1817 2967 1949 3027 loco
1994 2967 2131 3023 ferri
2172 2969 2361 3043 lapide
2388 2986 2569 3029 acuto
2594 2978 2747 3027 erant

507 3056 515 3065 ‘
556 3052 812 3125 praefixa,
843 3066 959 3123 quo
987 3050 1164 3104 etiam
1194 3046 1389 3121 sigilla
1427 3045 1778 3117 insculpunt.
1865 3046 2083 3102 Hastas
2123 3055 2402 3121 praeterea
2446 3050 2743 3115 habebant,

555 3147 738 3187 cornu
787 3128 1035 3185 dorcatis
1090 3126 1423 3183 acuminato
1476 3124 1741 3197 praefixas
1797 3124 1856 3178 in
1908 3124 2126 3181 lanceae
2174 3126 2461 3182 modum:
2508 3128 2749 3185 habuere

553 3226 693 3265 vero
741 3208 920 3263 etiam
963 3206 1156 3261 clavas
1200 3204 1471 3259 nodosaS.
1552 3202 1824 3275 Corporis
1861 3202 2192 3270 dimidium,
2221 3205 2282 3260 in
2313 3223 2580 3280 pugnam
2626 3223 2746 3280 pro-

553 3289 828 3353 deuntes,
852 3291 1010 3341 creta
1036 3283 1371 3340 dealbatum
1399 3280 1715 3347 habebant,
1745 3279 2055 3337 dimidium
2082 3283 2267 3339 minio
2293 3284 2537 3356 pictum.
2618 3286 2747 3341 Ara-

552 3364 697 3421 bum
728 3372 786 3421 et
814 3363 1168 3436 AEthiopum
1195 3378 1373 3433 supra
1396 3356 1719 3433 AEgyptum
1764 3359 2149 3416 incolentium
2178 3360 2294 3418 (lux
2322 3361 2440 3419 fuit
2464 3366 2743 3427 Arsames,

551 3443 717 3502 Darii
747 3450 805 3498 et
830 3440 1159 3515 Artystonae
1186 3439 1359 3504 filius,
1392 3436 1527 3509 Cyri
1551 3436 1687 3492 filiae
1708 3463 1723 3508 3
1770 3454 1949 3512 quam
1978 3438 2196 3496 Darius
2220 3458 2477 3498 uxorum
2504 3444 2745 3499 maxime

553 3528 872 3587 amaverat,
916 3518 1286 3594 effigiemque
1335 3510 1464 3586 ejus
1513 3534 1750 3571 auream
1804 3517 2135 3573 faciendam
2190 3528 2493 3579 curaverat
2544 3520 2746 3578 malleo

551 3605 807 3660 ductam.
886 3600 1154 3655 Arsames
1185 3598 1366 3673 igitur
1391 3592 1776 3669 AEthiopibus
1804 3613 1978 3671 supra
2001 3596 2337 3673 AEgyptum
2364 3600 2743 3657 incolentibus

551 3690 613 3741 et
638 3676 922 3737 Arabibus
952 3674 1205 3751 praefuit.

629 3762 726 3815 70.
773 3756 1074 3819 Orientales
1124 3773 1264 3811 vero
1309 3753 1614 3825 AEthiopes
1667 3754 1829 3821 (nam
1880 3753 2095 3827 duplex
2146 3754 2505 3831 AEthiopum
2568 3772 2744 3834 genus

551 3834 874 3903 militabat)
905 3852 1041 3897 cum
1070 3830 1231 3890 Indis
1275 3841 1440 3889 erant
1480 3830 1677 3895 locati,
1706 3830 1897 3886 forma
1925 3832 2161 3906 quidem
2192 3835 2265 3892 ab
2292 3836 2488 3893 alteris
2518 3854 2639 3891 non
2664 3835 2742 3891 di·

550 3916 725 3979 versi,
769 3914 868 3969 sed
923 3914 1132 3987 lingua
1183 3911 1376 3967 solum
1425 3918 1485 3966 et
1534 3908 1776 3982 capillis.
1858 3910 2185 3967 Orientales
2235 3909 2390 3969 enim
2442 3915 2744 3987 AEthiopes

551 4002 740 4053 rectos
770 3991 986 4047 habent
1015 3989 1278 4063 capiUOS,
1307 3988 1519 4063 Libyci
1548 3988 1682 4042 vero
1707 3988 1925 4059 crispos
1952 3990 2209 4046 maxime
2249 3994 2523 4053 omnium
2564 3992 2745 4049 homi·

547 4091 716 4132 num.
799 4069 1032 4126 Asiatici
1077 4068 1139 4123 bi
1165 4068 1478 4141 AEthiopes
1516 4066 1641 4139 pari
1681 4064 1803 4120 fere
1842 4067 2019 4123 modo
2063 4066 2237 4143 atque
2264 4070 2401 4127 Indi
2450 4078 2619 4127 erant
2658 4071 2743 4127 in-

549 4150 778 4219 structi,
807 4155 984 4225 caput
1011 4156 1208 4206 autem
1237 4153 1460 4205 tectum
1488 4142 1786 4201 habebant
1811 4145 1964 4223 pelle
2005 4149 2225 4223 equina
2269 4149 2342 4206 de
2380 4149 2571 4226 capite
2614 4148 2741 4224 equi
