2925 4992
1002 321 1460 384 EUTERPE.
2290 335 2375 397 79

162 481 296 540 feris
319 479 638 548 refertum,
653 497 834 540 arena
851 488 964 549 est,
991 483 1156 542 arida
1181 499 1416 558 prorsus
1441 487 1505 540 et
1524 496 1683 559 aqua
1692 498 1901 544 mens
1924 491 2101 556 terra,
2124 488 2383 566 denique

157 559 402 622 omnino
425 559 702 632 deserta.)
748 567 791 594 “
817 560 1078 620 Juvenes
1101 563 1284 638 igitur
1305 563 1581 620 dixenmt
1614 563 1773 631 illos,
1800 565 1875 622 ab
1906 567 2228 640 aequalibus
2254 569 2379 628 oui·

163 646 204 672 “
225 640 508 707 emissos,
531 657 688 714 aqua
731 648 794 698 et
833 640 1068 698 cibariis
1105 642 1260 731 hene
1299 642 1645 708 instructos,
1690 644 1945 716 primum
1992 653 2207 706 terram
2246 665 2382 722 per·

161 724 204 830 ἶῖ
225 735 482 866 Wmss
510 719 898 856 'mm
911 727 1769 866 ffifflff‘ssffizffiffitzt
1782 727 2381 864 ἐξοίὲᾝωᾍᾞῖὶῗ

162 881 198 908 “
221 874 533 940 facientes,
619 875 934 952 Postquam
961 878 1222 936 multum
1251 885 1422 936 terroe
1447 895 1711 934 arenosa
1738 881 2145 956 compluribus
2170 883 2397 942 diebu·

162 961 200 986 ‘⁶
229 961 659 1028 permeassent,
679 956 1056 1028 conspexisse
1071 955 1314 1018 tandem
1337 956 1651 1031 aliqmndo
1670 957 1929 1026 arbores,
1956 961 2381 1036 accessisseque

160 1039 199 1066 “
223 1041 288 1090 et
323 1032 593 1090 fructum
635 1034 914 1090 arborum
963 1043 1251 1109 gustasse.
1347 1035 1745 1094 Gustantibus
1786 1055 1929 1096 vero
1972 1042 2381 1114 supervenisse

159 1120 200 1144 “
231 1112 514 1168 homines
541 1129 776 1185 parvos,
805 1113 1062 1172 minores
1089 1115 1322 1172 modica
1359 1121 1604 1182 statura,
1632 1114 1735 1189 qui
1776 1133 1877 1174 eos
1920 1119 2243 1191 prehensos
2274 1120 2380 1177 ab·

160 1195 202 1226 ‘⁴
223 1189 536 1248 duxissent
555 1206 574 1245 x
617 1207 954 1248 sermonem
993 1209 1134 1249 vero
1174 1193 1415 1250 illorum
1441 1210 1559 1250 non
1602 1194 1961 1253 intellexisse
1985 1195 2377 1268 Nasamonas,

162 1275 206 1302 “
232 1286 344 1326 nec
389 1269 524 1326 illos
563 1285 902 1328 sermonem
943 1271 1222 1344 ipsorum.
1301 1272 1392 1329 Ab
1431 1273 1524 1330 his
1554 1273 1739 1346 igitur
1778 1275 2063 1334 abductos
2100 1293 2229 1334 esse
2272 1295 2381 1352 per

159 1355 202 1382 “
227 1347 518 1407 maximas
545 1348 810 1422 paludes,
853 1366 1072 1422 easque
1110 1359 1551 1426 praetergressos
1590 1354 1924 1424 pervenisse
1966 1355 2026 1411 in
2068 1355 2378 1430 oppidum,

164 1433 207 1461 “
235 1428 300 1484 in
339 1444 465 1500 qua
487 1435 741 1496 cunctos
759 1427 944 1484 fuisse
969 1429 1082 1496 his,
1115 1431 1218 1503 qui
1257 1431 1390 1488 illos
1429 1429 1815 1497 abduxerant,
1852 1439 2077 1490 statura
2102 1435 2379 1508 aequales,

167 1513 208 1540 ‘⁶
233 1507 436 1582 nigros
461 1512 662 1564 autem
705 1507 918 1564 colore.
993 1507 1084 1566 Ad
1133 1509 1418 1584 oppidum
1470 1508 1621 1564 illud
1654 1506 1835 1568 fluere
1858 1508 2081 1568 flumen
2120 1513 2339 1588 ingens
2358 1530 2380 1572 ε

168 1592 212 1618 “
239 1582 427 1720 fluenie
451 1592 656 1642 autem
679 1584 758 1642 ab
781 1583 1084 1644 occidente
1108 1605 1312 1646 versus
1337 1588 1657 1654 orientem,
1682 1588 1745 1644 in
1770 1605 1957 1664 eoque
1982 1592 2221 1664 reperiri
2248 1609 2379 1650 cro·

167 1671 211 1697 “
237 1665 374 1720 codi
399 1665 529 1720 os.”

239 1747 337 1800 33.
379 1741 693 1800 Hactenus
735 1743 920 1818 igitur
947 1763 986 1800 a
1023 1762 1122 1804 me
1169 1745 1438 1819 exposita
1474 1745 1552 1801 sit
1590 1743 1893 1804 Ammonii
1923 1745 2199 1806 Etearchi
2237 1767 2377 1808 nar-'—

163 1822 316 1880 ratio
337 1843 355 1878 z
400 1821 518 1878 hoc
542 1839 726 1878 unum
753 1819 1048 1894 adjiciam,
1077 1823 1290 1882 dixisse
1327 1841 1491 1891 eum,
1526 1828 1566 1856 “
1592 1821 1831 1882 rediisse
1856 1824 1964 1882 hos
1989 1825 2379 1898 Nasamonas,

164 1907 203 1934 “
233 1909 302 1958 ut
339 1899 586 1974 quidem
625 1909 1012 1958 narraverunt
1041 1903 1348 1977 Cyrenaei3
1403 1911 1464 1960 et
1492 1904 1765 1960 homines
1792 1903 1945 1970 illos,
1974 1905 2046 1960 ad
2070 1921 2217 1980 quos
2245 1927 2381 1983 per·

166 1986 207 2012 “
235 1981 556 2044 venissent,
585 1979 1034 2054 praestigiatores
1059 1999 1186 2040 esse
1213 1985 1474 2042 omnes.⁸’
1557 1982 1695 2042 Jam
1735 1999 1875 2038 vero
1915 1982 2165 2042 fluvium
2204 1988 2379 2046 illum

162 2057 662 2132 praeterfluentem
691 2066 750 2114 et
788 2058 1116 2118 Etearchus
1155 2058 1523 2132 conjectabat
1560 2077 1693 2118 esse
1730 2060 1963 2126 Nilum,
1990 2069 2167 2136 atque
2196 2067 2379 2125 etiam

163 2137 310 2195 ratio
337 2137 426 2192 ita
451 2135 672 2194 suadet.
733 2137 895 2196 Fluit
921 2139 1078 2194 enim
1107 2156 1186 2196 cx
1213 2141 1404 2214 Libya
1429 2139 1628 2208 Nilus,
1658 2139 1916 2196 mediam
1944 2141 2107 2198 illam
2132 2161 2375 2217 secan83

163 2224 222 2273 et
249 2217 348 2289 (ut
373 2233 492 2289 ego
523 2212 799 2286 conjicio,
825 2233 902 2272 ex
939 2217 1271 2276 manifestis
1311 2219 1386 2275 de
1423 2219 1517 2276 his
1556 2235 1687 2293 quae
1726 2219 1923 2275 minus
1962 2220 2203 2296 cognita
2244 2231 2382 2281 sunt

163 2289 566 2366 conjecturam
605 2293 872 2368 capiens)
901 2295 1248 2368 parallelum
1285 2297 1440 2354 Istro
1476 2314 1717 2354 cursum
1759 2297 1958 2354 habet.
2036 2299 2196 2358 Nam
2227 2299 2382 2360 Ister

161 2374 404 2439 fluvius,
437 2390 476 2428 a
501 2371 684 2430 Celtis
707 2381 768 2430 et
791 2373 1014 2448 Pyrene
1041 2377 1260 2450 oppido
1299 2377 1533 2435 initium
1568 2393 1826 2442 sumens,
1852 2376 2109 2433 mediam
2144 2380 2382 2452 perfluit

159 2452 493 2526 scinditque
506 2451 830 2526 Europam,
912 2451 1202 2510 Habitant
1227 2463 1428 2514 autem
1449 2454 1635 2511 Celtae
1658 2462 1823 2510 extra
1850 2453 2127 2512 Herculis
2146 2459 2377 2516 colum-

161 2549 286 2598 aasz,
313 2526 672 2604 finitimique
695 2538 837 2586 sunt
859 2531 1262 2606 Cynesiomm,
1289 2533 1553 2607 quisunt
1574 2539 1871 2590 extremus
1891 2535 2152 2608 populus
2172 2553 2378 2596 versus

162 2609 531 2670 occidentem
555 2626 763 2665 eorum
787 2610 890 2682 qui
929 2610 1232 2685 Europam
1255 2613 1542 2670 incolunt.
1621 2613 1855 2670 Desinit
1887 2619 2085 2670 autem
2112 2614 2283 2684 Ister,
2314 2617 2379 2675 in

165 2707 326 2748 mare
353 2687 614 2744 influens
639 2685 820 2744 Ponti
838 2689 1076 2756 Euxini,
1101 2689 1204 2747 ubi
1227 2691 1464 2750 Istriam
1486 2687 1753 2748 habitant
1774 2691 1975 2748 coloni
1992 2693 2381 2754 Milesiorum.

239 2770 342 2826 34.
385 2767 542 2824 later
567 2766 768 2841 igitur,
789 2784 976 2840 quum
1016 2785 1122 2842 per
1147 2770 1471 2828 habitatam
1498 2770 1647 2826 fluat
1676 2777 1917 2838 terram,
1946 2771 2153 2830 multis
2180 2775 2377 2833 homi·-

166 2848 344 2904 nibua
385 2851 565 2902 notus
605 2853 710 2901 est.
787 2846 916 2902 Nili
953 2861 1151 2904 autem
1185 2849 1384 2906 fontes
1423 2849 1633 2906 docere
1658 2865 1835 2906 nemo
1858 2864 1965 2904 nos
1990 2858 2201 2922 potest,
2230 2869 2381 2927 quo·

163 2927 325 2984 niam
355 2940 500 2998 ⁴nnn
543 2923 804 2980 habitata
841 2925 1178 3000 desertaque
1201 2937 1290 2982 est
1328 2927 1544 3002 Libya,
1572 2945 1751 3001 quam
1792 2927 2043 3000 perfluit.
2121 2927 2219 2988 De
2256 2929 2385 3002 ejus

163 3017 344 3062 cursu
369 3019 540 3067 vero,
567 3003 762 3076 quoad
803 3002 1155 3078 longissime
1177 3023 1316 3062 eum
1355 3023 1707 3081 cognoscere
1732 3007 2165 3079 percunctando
2190 3013 2387 3082 potui,

163 3083 396 3141 dictim
425 3088 535 3138 est.
613 3079 756 3138 Exit
785 3089 982 3138 autem
1007 3083 1182 3140 Nilus
1207 3085 1269 3140 in
1293 3084 1627 3159 AEgyptum
1652 3105 1667 3138 z
1712 3085 1827 3138 sita
1850 3091 1943 3140 est
1966 3092 2168 3144 autem
2190 3088 2383 3165 AEgya.

159 3169 304 3237 ptus
320 3179 398 3222 ex
413 3160 662 3216 adverso
676 3161 940 3217 maxime
963 3170 1268 3219 montanae
1281 3163 1523 3229 Ciliciae,
1541 3161 1703 3218 unde
1720 3161 1793 3218 ad
1812 3161 2073 3236 Sinopen
2090 3165 2379 3240 oppidum

167 3241 238 3297 ad
259 3241 534 3298 Pontum
551 3238 855 3296 Euxinum
883 3241 974 3294 via
993 3247 1152 3296 recta
1165 3249 1256 3298 est
1277 3241 1553 3316 expedito
1575 3241 1805 3298 homini
1820 3241 2081 3315 quinque
2104 3244 2335 3304 dierum
2356 3269 2374 3305 t

169 3320 390 3394 Sinope
419 3325 618 3374 autem
649 3326 738 3374 est
761 3333 836 3374 ex
873 3318 1118 3376 adverso
1149 3320 1310 3394 Istri,
1337 3337 1454 3395 qua
1480 3321 1531 3376 is
1567 3316 1629 3376 in
1668 3337 1833 3376 mare
1858 3317 2069 3378 influit.
2146 3320 2241 3380 Ita
2262 3325 2377 3386 Ni·-

165 3399 295 3454 lum
339 3397 614 3472 quidem,
639 3397 746 3470 qui
780 3403 970 3454 totam
1008 3397 1257 3472 Libyam
1295 3399 1604 3474 percurrit,
1634 3399 1919 3473 aequalem
1964 3417 2178 3460 censeo
2206 3402 2379 3463 Istro.

167 3473 276 3534 Sed
301 3475 378 3533 de
406 3475 554 3532 Nilo
577 3474 700 3532 haec
725 3475 884 3532 dicta
903 3475 1212 3533 sufficiant.
1882 3517 1887 3524 -
2120 3495 2125 3500 ·

243 3560 344 3614 35.
389 3551 738 3632 Prognedior
774 3572 956 3622 nunc,
981 3555 1312 3632 longiorem
1339 3557 1412 3614 de
1450 3556 1743 3614 AEote‘ro
1769 3558 2165 3615 narrationem
2201 3577 2377 3618 exor-
2436 3585 2447 3605 ν

166 3633 362 3701 diens,
391 3633 673 3706 quoniam
697 3638 760 3688 et
795 3633 990 3708 plures
1017 3651 1109 3690 res
1141 3635 1434 3692 mirabiles
1475 3633 1677 3702 habet,
1704 3641 1767 3692 et
1790 3653 1969 3710 opera
1992 3635 2225 3696 exhibet
2250 3655 2379 3696 me-

163 3713 570 3779 morabiliora,
599 3729 778 3786 quam
807 3712 924 3768 alia
963 3713 1240 3786 quaslibet
1265 3714 1460 3790 regio:
1504 3731 1623 3787 qua
1660 3713 1734 3770 de
1758 3731 1965 3771 caussa
1988 3713 2281 3789 copiosius
2308 3717 2383 3776 de

167 3809 240 3849 ea
261 3809 583 3866 exponam.
660 3790 954 3866 AEgyptii,
981 3792 1479 3865 quemadmodum
1518 3793 1675 3866 apud
1712 3809 1815 3850 eos
1840 3793 2055 3852 coslum
2082 3795 2383 3854 diversam

169 3880 278 3938 est,
307 3879 374 3928 et
395 3867 564 3927 fluvii
608 3877 816 3926 natura
851 3870 1030 3945 longe
1069 3871 1260 3930 differt
1285 3870 1364 3928 ab
1399 3871 1665 3940 aliorum„
1692 3879 1901 3929 natura
1932 3869 2269 3941 fluviorum,
2298 3873 2383 3933 sic
2468 3889 2473 3894 ·

167 3958 226 4007 et
250 3951 366 4025 ipsi
391 3949 688 4023 plerisque
703 3949 978 4006 omnibus
1003 3950 1069 4006 in
1098 3951 1274 4009 rebus
1305 3967 1501 4008 mores
1526 3958 1859 4025 sequuntur
1884 3957 1947 4006 et
1970 3952 2225 4023 &petitum
2250 3953 2380 4012 aliis

167 4028 514 4086 hominibus
563 4026 867 4096 contraria.
945 4029 1120 4102 Apud
1165 4047 1266 4086 eos
1311 4031 1589 4092 mulieres
1638 4029 1839 4086 forum
1889 4029 2269 4106 frequentant
2318 4041 2381 4092 et

167 4115 544 4176 mercantum
588 4106 699 4162 viri
721 4112 940 4172 autem,
957 4107 1118 4165 domi
1133 4110 1418 4176 sedentes,
1435 4109 1616 4168 telam
1639 4115 1865 4164 texunt.
1928 4107 2164 4168 Texunt
2180 4119 2380 4170 autem

167 4186 266 4252 alii
303 4186 602 4253 homines,
629 4191 882 4242 tmmam
917 4202 1168 4262 superne
1205 4188 1541 4266 adigentes,
1568 4183 1831 4263 AEgyptii
1856 4185 2101 4247 inferne.
2181 4191 2380 4248 one-ra
