2925 4992
1034 289 1516 350 GALLIOPE.
2265 294 2380 351 431

260 448 363 504 8⁷.
404 446 527 509 Qui
578 462 763 521 quum
816 444 1055 505 adsidue
1094 450 1287 507 multa
1312 448 1441 505 ‘illis
1488 447 1706 504 damna
1751 450 2062 515 inferrent,
2105 449 2388 507 vicesimo

166 522 281 581 die
331 524 749 601 Timagenides
800 527 931 582 haec
977 528 1133 600 apud
1178 528 1496 585 Thebanos
1548 529 1726 583 verba
1777 530 1956 585 fecit:
2020 534 2065 559 “
2091 528 2392 590 Quoniam

174 608 228 633 “
261 604 481 660 Graecis
509 606 806 661 decretum
834 612 941 671 est,
970 607 1126 662 cives
1148 606 1414 662 Thebani
1437 606 1451 660 !
1501 622 1621 661 non
1658 607 1818 679 prius
1845 606 1920 662 ab
1949 608 2392 681 oppugnatione

174 686 229 712 “
260 682 536 739 desistere
576 682 1021 757 abscedereque,
1046 701 1226 757 quam
1264 694 1367 740 aut
1406 693 1843 757 expugnassent
1865 684 2126 750 Thebas,
2156 694 2259 740 aut
2285 702 2390 747 nos

173 764 225 791 “
260 760 380 815 illis
406 778 445 816 a
468 751 637 816 vobis
662 761 841 817 dediti
880 778 1177 831 essemus3
1221 779 1381 817 nunc
1422 769 1623 817 nostra
1663 780 1871 819 caussa
1907 780 1980 818 ne
2020 764 2189 836 plura
2214 780 2392 835 porro

172 842 225 869 “
258 839 517 911 patiatur
542 838 776 907 Boeotia
805 847 959 895 terra
984 839 997 894 !
1046 841 1180 906 Sed,
1210 841 1261 894 si
1286 840 1393 904 illi,
1420 840 1800 913 pecuniarum
1841 841 2020 905 avidi,
2052 842 2112 896 in
2137 842 2418 914 speciem·

172 920 226 948 “
250 925 492 973 tantum
550 934 655 972 nos
705 918 1051 989 deposcunt,
1098 919 1307 973 demus
1348 919 1430 974 eis
1481 919 1756 989 pecunias
1808 937 1882 975 ex
1931 918 2206 993 publico:
2253 936 2394 976 nam

174 998 231 1025 “
256 994 499 1067 publice
524 1012 734 1051 omnes
760 995 1073 1051 Medorum
1102 1005 1297 1070 partes
1322 993 1510 1051 secuti
1535 1012 1764 1063 sumus,
1797 1015 1914 1054 non
1942 1014 2054 1053 nos
2077 996 2207 1052 soli.
2287 998 2396 1054 Sin

173 1075 229 1104 “
254 1090 401 1128 arere
444 1090 555 1129 nos
592 1073 820 1129 deditos
860 1073 1125 1146 cupiunt,
1156 1092 1339 1147 eaque
1381 1090 1588 1129 caussa
1625 1075 1832 1130 urbem
1875 1083 2244 1149 oppugnant,
2285 1090 2394 1133 nos

172 1155 225 1184 ‘⁶'
250 1150 373 1223 ipsi
402 1151 475 1207 ad
498 1168 765 1207 caussam
802 1152 959 1224 apud
986 1168 1087 1207 eos
1114 1152 1421 1208 dicendam
1464 1169 1571 1209 nos
1613 1153 1941 1210 sistemus.”
2026 1152 2106 1209 Et
2133 1154 2228 1208 hic
2253 1164 2414 1209 sane‘

172 1229 414 1301 optime
458 1226 649 1285 dicere
693 1229 853 1289 visus
890 1236 979 1284 est
1022 1238 1084 1285 et
1126 1242 1494 1304 opportune:
1543 1232 1924 1305 protinusque
1951 1228 2394 1289 caduceatorem

170 1306 457 1365 Thebani
496 1307 787 1379 miserunt
828 1307 901 1363 ad
942 1307 1323 1375 Pausaniam,
1346 1308 1751 1383 significantes
1791 1328 1854 1366 se
1894 1310 2050 1365 viros
2092 1309 2223 1365 illos
2265 1319 2414 1367 esse·

170 1384 527 1444 tradituros.

266 1470 368 1523 88.
408 1464 503 1520 De
542 1480 663 1537 quo
712 1470 779 1519 ut
820 1464 969 1519 inter
1006 1471 1289 1539 utrosque
1314 1466 1613 1531 convenit,
1641 1465 1875 1522 interim
1903 1465 2218 1540 Attaginus
2261 1467 2394 1539 qui-

170 1543 323 1603 dem
344 1560 427 1599 ex
451 1542 598 1598 urbe
624 1542 775 1598 clam
804 1542 1102 1617 profugit:
1145 1539 1313 1614 cujus
1356 1543 1509 1599 filios
1544 1544 1858 1599 Pausanias
1899 1544 1970 1601 ad
2013 1562 2076 1600 se
2114 1544 2396 1610 adductos

173 1622 447 1681 absolvit
470 1621 733 1685 crimine,
760 1621 1017 1675 Medismi
1051 1622 1287 1693 culpam,
1314 1621 1537 1686 dicens,
1553 1622 1706 1697 filios
1738 1623 1950 1677 nullam
1979 1622 2188 1678 habere.
2259 1623 2393 1679 'Re-

170 1701 335 1776 liqui
366 1717 505 1755 vero
532 1699 641 1754 viri
670 1716 817 1770 quos
850 1699 1115 1755 Thebani
1158 1699 1527 1765 dediderunt,
1574 1699 1858 1772 putabant
1898 1698 1981 1756 illi
2031 1701 2267 1773 quidem
2319 1700 2392 1757 ad

170 1778 501 1839 dicendam
528 1794 796 1833 caussam
824 1793 886 1831 se
912 1777 982 1832 iri
1012 1777 1355 1844 admissum,
1383 1785 1777 1851 praetereaque
1817 1779 2187 1834 confidebant
2215 1788 2394 1851 pecu-

174 1860 311 1920 niis
338 1856 569 1914 amoliri
615 1872 651 1921 a
690 1872 752 1911 se
794 1855 1319 1928 posse'periculum
1343 1878 1356 1911 z
1380 1864 1465 1911 ¹at
1495 1856 1551 1911 id
1584 1856 1776 1928 ipsum
1819 1858 2147 1930 suspicatus
2173 1856 2395 1913 Pausa-

84 1998 107 2011 Α
174 1938 346 2004 nias,
378 1942 684 2009 postquam
711 1933 845 1989 illos
885 1935 1126 2006 accepit,
1154 1934 1490 1989 universum
1531 1934 1826 1989 sociorum
1865 1935 2187 1990 exercitum
2215 1935 2394 1991 dimi-

175 2018 289 2083 sit,
338 2022 398 2071 et
440 2014 571 2068 illos
622 2012 971 2067 Corinthum
1026 2012 1309 2068 abductos
1354 2012 1671 2068 interfecit.
1751 2016 1835 2069 Ac
1880 2014 1972 2068 hoe
2021 2012 2256 2088 quidem
2305 2029 2396 2071 res

170 2081 353 2159 sunt,
382 2092 455 2148 ad
483 2090 727 2147 Plataeas
754 2097 815 2145 et
841 2090 913 2145 ad
944 2087 1181 2147 Thebas
1204 2097 1406 2165 gestae.
2403 2106 2412 2114 ⁴

270 2176 368 2230 89.
408 2169 731 2226 Artabazus
756 2184 919 2233 vero,
944 2166 1257 2224 Pharnacis
1282 2168 1461 2234 filius,
1487 2171 1590 2243 qui
1617 2168 1850 2223 Platseis
1877 2170 2248 2244 profugerat,
2267 2170 2395 2241 jam

176 2252 370 2325 longe
396 2247 714 2304 admodum
742 2256 865 2302 erat
894 2262 1253 2320 progressus,
1334 2248 1452 2307 Qui
1483 2247 1586 2302 ubi
1623 2243 1685 2301 in
1717 2244 2079 2302 Thessaliam
2107 2250 2393 2321 pervenit,

171 2326 462 2387 Thessali
488 2342 626 2382 eum
654 2324 728 2381 ad
757 2320 1077 2397 hospitium
1123 2332 1422 2390 vocarunt,
1448 2324 1842 2396 sciscitatique
1885 2332 2026 2379 sunt
2054 2326 2126 2380 de
2161 2327 2396 2399 reliquo

174 2408 489 2465 exercitu:
532 2420 640 2460 nec
686 2404 829 2459 dum
878 2402 1041 2458 enim
1080 2402 1405 2474 quidquam
1456 2402 1528 2459 de
1577 2399 1753 2457 rebus
1805 2400 1878 2457 ad
1922 2402 2170 2459 Plataeas
2211 2406 2396 2479 gestis

168 2490 610 2559 compererant.
688 2482 765 2537 At
790 2480 1137 2547 Artabazus,
1181 2481 1333 2536 bene
1375 2498 1615 2556 gnarus,
1642 2481 1693 2535 si
1737 2480 1809 2535 de
1856 2479 2072 2553 praeliis
2119 2482 2292 2541 factis
2331 2484 2394 2540 id

170 2564 351 2639 ‚quod
400 2578 493 2618 res
542 2567 671 2616 erat
714 2559 827 2615 illis
876 2559 1221 2633 aperuisset,
1264 2560 1581 2615 verendum
1634 2559 1746 2614 sibi
1794 2574 1940 2625 esse,
1971 2576 2043 2615 ne
2093 2561 2218 2633 ipse
2259 2578 2395 2619 cum

180 2642 454 2701 exercitu
479 2656 585 2696 suo
610 2646 843 2713 pereat:
885 2654 1369 2712 unumquemque
1393 2639 1550 2695 enim
1577 2654 1638 2693 se
1662 2637 2074 2712 adgressurum
2101 2636 2400 2696 existima-

182 2723 303 2787 vit,
334 2720 438 2793 qui
464 2734 596 2791 quae
621 2724 789 2793 gesta
815 2724 979 2773 erant
1008 2716 1426 2791 cognovisset:
1473 2716 1598 2773 haec
1637 2713 1822 2792 igitur
1857 2732 2055 2773 secum
2099 2727 2398 2792 reputans,

181 2818 302 2859 nec
328 2797 481 2871 apud
528 2797 853 2852 Phocenses
888 2794 1238 2869 vulgaverat
1262 2794 1604 2867 quidquam,
1631 2804 1697 2858 et,
1733 2794 1886 2867 apud
1929 2794 2238 2853 Thessalos
2273 2798 2400 2855 haec

182 2877 380 2935 dixit:
445 2880 488 2907 “
512 2875 647 2949 Ego
688 2872 948 2947 quidem,
974 2882 1045 2928 ut
1088 2870 1318 2939 videtis,
1357 2872 1661 2929 Thessali!
1710 2872 1770 2927 in
1816 2872 2126 2929 Thi-nciam
2167 2884 2402 2933 maturo

184 2963 237 2988 ‘¹
268 2953 611 3029 pervenire3
659 2960 719 3007 et
766 2951 1059 3007 celeritate
1106 2959 1263 3016 utor,
1293 2951 1510 3025 quippe
1555 2951 1888 3025 praemissus
1931 2968 1964 3007 e
2003 2953 2208 3007 castris
2257 2970 2398 3011 cum

185 3041 238 3070 “
270 3034 431 3089 hisce
472 3032 545 3087 ad
588 3048 713 3087 rem
750 3029 1068 3103 quamdam
1104 3030 1520 3104 peragendam.
1599 3026 1733 3101 Ipse
1777 3046 1918 3084 vero
1967 3029 2337 3099 Mardonius,
2365 3050 2401 3089 e

186 3119 237 3145 “
265 3110 523 3185 vestigio
548 3126 645 3165 mc
672 3124 809 3163 cum
836 3124 943 3163 suo
967 3108 1221 3164 exercitu
1248 3122 1518 3180 sequens,
1548 3124 1689 3162 mox
1727 3107 1897 3164 vobis
1935 3106 2135 3164 aderit.
2217 3108 2400 3168 Hunc

191 3198 237 3223 “
266 3189 525 3263 hospitio
572 3186 844 3260 excipite,
888 3186 1199 3260 omniaque
1239 3187 1293 3242 ei
1334 3185 1530 3241 officia
1574 3191 1880 3259 praestate:
1948 3204 2054 3243 nec
2095 3186 2280 3255 enim,
2318 3189 2401 3246 ·id

192 3276 239 3302 “
270 3266 505 3332 fecisse,
548 3267 612 3321 in
662 3272 965 3339 posterum
1001 3280 1107 3319 vos
1159 3264 1519 3337 poenitebit.”
1627 3262 1736 3318 His
1783 3263 1976 3330 dictis,
2029 3266 2244 3338 raptim
2297 3284 2401 3341 per

188 3346 563 3404 Thessaliam
586 3351 649 3400 et
671 3342 1081 3403 Macedoniam
1110 3350 1267 3398 recta
1288 3343 1600 3399 Thraciam
1631 3358 1832 3397 versus
1858 3342 2026 3398 duxit
2053 3345 2399 3414 exercitum,

188 3442 335 3482 ‘vere
382 3423 689 3487 festinans,
739 3428 800 3476 et
849 3438 952 3493 per
1002 3420 1256 3476 mediam
1296 3431 1512 3477 terram
1557 3420 1717 3476 viam
1767 3437 2030 3493 carpenS.
2125 3420 2402 3497 Denique

191 3502 556 3578 Byzantium
594 3500 886 3573 pervenit,
926 3498 1144 3554 relictis
1191 3500 1429 3573 quidem
1474 3500 1546 3555 de
1589 3515 1696 3553 suo
1745 3498 2004 3554 exercitu
2045 3500 2268 3567 multi&
2298 3503 2400 3575 qui

189 3582 416 3656 partim
440 3596 479 3635 a
500 3577 828 3637 Thracibus
872 3577 936 3633 in
984 3577 1189 3633 itinere
1232 3578 1366 3633 caesi
1410 3584 1566 3642 sunt,
1596 3576 1809 3649 partim
1837 3576 1994 3632 fame
2019 3586 2078 3634 et
2102 3578 2402 3636 laboribus

188 3657 525 3716 conflictati
568 3653 883 3729 perierunt>
974 3655 1129 3711 Tum
1173 3672 1244 3712 ex
1292 3656 1583 3729 Byzantio
1625 3654 1874 3731 navigiis
1915 3654 2178 3726 trajecit:
2224 3665 2368 3733 atqu
2413 3682 2416 3691 ·

194 3739 285 3794 ita
311 3737 409 3793 hic
434 3737 497 3792 in
526 3736 726 3791 Asiam
752 3742 841 3790 est
866 3750 1147 3789 reversus.
2351 3762 2354 3765 -

280 3821 378 3873 90.
417 3815 557 3875 Quo
580 3812 675 3868 die
700 3813 874 3867 istam
903 3811 976 3867 ad
1013 3812 1257 3868 Plataeas
1298 3812 1522 3869 cladem
1563 3810 1754 3867 Persae
1794 3818 2165 3885 acceperunt,
2195 3812 2402 3871 eodem

193 3895 295 3951 die
320 3892 535 3950 accidit
561 3902 631 3947 ut
653 3891 773 3946 alia
818 3889 1150 3947 calamitate
1176 3892 1249 3945 ad
1275 3891 1529 3963 Mycalen
1558 3889 1744 3945 Ioniae
1784 3890 2224 3965 adfligerentur:
2283 3889 2406 3949 Sci·

191 3973 335 4029 licet
362 3986 548 4045 quum
577 3969 714 4027 Deli
742 3969 1013 4025 sederent
1031 3968 1242 4036 Graeci,
1270 3971 1369 4043 qui
1390 3969 1537 4026 duce
1563 3967 1923 4041 Leotychide
1949 3966 2404 4028 Lacedaemonio

196 4068 335 4107 eum
368 4050 553 4106 classe
594 4044 973 4113 advenerant,
998 4058 1287 4103 venerunt
1327 4047 1397 4103 ad
1426 4064 1526 4103 eos
1573 4064 1646 4101 ex
1671 4046 1848 4101 Samo
1891 4046 2094 4119 legati,
2126 4046 2419 4125 Lampon?

192 4127 537 4205 Thrasyclis
586 4125 765 4194 filius,
802 4132 863 4188 et
902 4125 1309 4203 Athenagoras
1336 4122 1804 4194 Archestratidae,
1853 4130 1914 4209 ⁰9
1963 4122 2404 4201 Hegesistratus
