2925 4992
977 354 986 363 ,
1099 288 1456 361 ΕΒΑΤΩ.
2264 293 2383 353 209

127 478 143 489 .
199 440 672 515 Deindmanditis
709 449 974 509 mulieris
1011 447 1190 523 buius
1227 450 1553 527 praeceptis,
1578 448 1911 511 Miltiadem
1952 447 2017 507 in
2052 448 2376 517 vimulum,

201 526 291 601 qui
315 536 446 583 ante
471 528 670 585 urbem
709 537 820 595 cst,
843 546 910 587 se
943 532 1277 598 contulisse,
1305 541 1367 589 et
1392 530 1707 589 maceriem
1746 528 2114 607 transiliisse
2152 528 2375 601 templo

189 605 410 664 cereris
431 606 726 682 Legiferae
747 608 1233 677 circumductam,
1257 628 1444 684 quum
1470 610 1628 665 fores
1652 610 1875 681 aperire
1899 624 2023 665 non
2052 606 2371 685 potuisset:

200 690 339 749 tum,
386 692 746 743 transscensa
791 688 900 743 hac
952 690 1222 755 macerie,
1272 690 1348 745 ad
1398 688 1587 763 ipsam
1640 688 1827 747 aedem
1873 685 1998 743 deae
2047 682 2377 751 accessisse,

201 762 380 817 nescio
423 764 564 836 quid
605 766 770 821 intus
813 766 1130 833 facturum,
1171 769 1298 825 sive
1341 767 1499 840 quod
1546 783 1781 823 movere
1824 761 2041 837 aliquid
2096 761 2380 821 voluisset

199 839 340 910 quod
362 858 598 900 movere
649 842 814 903 nefas
839 854 1013 911 essct,
1041 846 1164 902 sive
1203 846 1360 903 aliud
1396 844 1703 918 quidpiam
1746 844 2065 909 facturum,
2094 842 2379 917 quidquid

185 918 414 975 tandem
443 920 500 975 id
529 921 728 979 fuerit.
805 923 1010 985 Quum
1055 940 1196 981 vero
1219 919 1352 994 jam
1397 925 1471 981 ad
1516 923 1675 981 fores
1718 932 1891 989 esset,
1918 921 2113 979 subito
2138 921 2379 978 horrore

200 1006 537 1071 correptum,
562 1016 666 1071 per
681 1000 951 1057 eamdem
977 1002 1156 1068 viam,
1179 1021 1298 1077 qua
1324 1004 1593 1068 venisset,
1614 1002 1886 1071 rediisse3
1931 1010 1990 1057 et
2014 998 2379 1059 desilientem

195 1073 260 1131 de
281 1078 522 1133 macerie
547 1078 782 1135 luxasse
805 1079 1022 1146 femur,
1047 1081 1172 1137 sive
1201 1087 1296 1155 (ut
1319 1082 1416 1137 alii
1439 1079 1631 1151 aiunt)
1654 1096 1816 1155 genu
1842 1076 2175 1167 impegisse.

267 1158 392 1223 135.
428 1155 637 1229 Itaque
663 1158 818 1213 male
840 1175 904 1214 se
931 1159 1151 1217 habens
1171 1160 1471 1217 Miltiades
1497 1170 1651 1215 retro
1678 1159 1999 1233 navigavit,
2026 1174 2213 1230 neque
2236 1174 2379 1231 opes

191 1229 442 1289 adferens
468 1235 948 1301 Atheniensibus,
975 1254 1088 1295 nec
1116 1238 1358 1295 subacta
1395 1238 1579 1306 Pan-03
1624 1237 1723 1293 scd
1754 1236 1920 1293 nulla
1944 1236 2057 1291 alia
2086 1254 2157 1291 re·
2176 1243 2377 1311 gesta,

193 1310 296 1379 nisi
321 1313 476 1385 quod
505 1331 612 1387 per
655 1332 758 1371 sex
799 1323 860 1371 et
900 1315 1120 1390 viginti
1157 1317 1282 1375 dies
1322 1317 1531 1373 urbem
1563 1322 1981 1390 oppugnasset,
2009 1315 2391 1393 insulamque·

191 1388 550 1449 devastasset.
635 1392 812 1459 Parii,
853 1393 1158 1451 obsidione
1192 1395 1444 1461 liberati,
1474 1395 1873 1467 intelligentes
1898 1390 2160 1449 Dearum
2202 1394 2379 1449 minis

189 1476 356 1533 stram
383 1469 564 1527 Timo
591 1468 847 1529 Miltiadi
871 1472 1010 1545 quid
1041 1473 1374 1531 faciendum
1397 1481 1551 1529 esset
1600 1472 1908 1537 indicasse,
1937 1488 2119 1545 quum
2148 1488 2377 1543 poenam

193 1544 260 1601 ab
284 1546 380 1602 illa
407 1544 586 1619 hujus
629 1550 710 1605 rei
749 1566 958 1607 caussa
985 1568 1216 1608 sumere
1253 1552 1495 1617 vellent,
1524 1550 1753 1625 legatos
1782 1549 2065 1605 miserunt
2090 1548 2378 1623 Delphos,

189 1624 282 1697 qui
326 1628 636 1683 oraculum
676 1628 1070 1696 consulerent,
1117 1648 1192 1687 an
1233 1630 1426 1687 ultimo
1478 1629 1745 1702 supplicio
1797 1627 2084 1702 adficerent
2124 1628 2379 1693 Deorum

177 1704 498 1771 summram,
549 1722 666 1777 quoe
711 1706 946 1763 hostibus
989 1710 1138 1765 viem
1177 1710 1448 1782 capiendae
1480 1710 1680 1781 patria
1720 1707 2008 1765 indicasset
2024 1732 2043 1774 ,-
2098 1715 2151 1763 et
2193 1724 2375 1773 sacra,

191 1798 298 1852 quoe
321 1784 390 1839 ad
416 1784 632 1841 virilem
655 1803 839 1841 sexum
881 1786 1064 1860 efferri
1101 1786 1255 1861 nescu
1299 1794 1452 1852 esset,
1484 1786 1735 1843 Miltiadi
1768 1787 2080 1857 aperuisset.
2160 1786 2237 1843 At
2273 1804 2381 1843 ne-

191 1861 344 1934 gavit
387 1862 626 1937 Pythia,
677 1863 892 1931 dicens,
921 1883 1028 1921 vion
1062 1865 1215 1921 Timo
1258 1868 1434 1937 ipsam
1477 1863 1637 1936 hujus
1680 1866 1763 1921 rei
1803 1882 1911 1919 esse
1948 1881 2194 1921 caussam
2209 1889 2230 1932 ,-
2267 1864 2380 1931 sed,

191 1956 340 2010 quum
366 1940 588 2015 insutis
611 1950 742 1997 esset
767 1949 831 1999 ut
857 1946 1026 1999 vitam
1051 1944 1401 2019 ntalefiniret
1425 1944 1731 2009 Miltiades,
1760 1942 1900 1999 hanc
1942 1945 1995 1999 ei
2036 1962 2073 1999 a
2106 1942 2212 1999 diis
2244 1946 2381 1999 mie-

189 2034 294 2073 sam
317 2036 422 2079 esse
443 2022 642 2077 ducem
667 2022 966 2079 malorum..
1033 2022 1179 2079 Haec
1203 2023 1440 2097 quidem
1465 2022 1681 2097 Pythia
1708 2022 1891 2079 Pariis
1920 2022 2235 2097 respondit.
2350 2079 2357 2087 ,

263 2099 386 2154 136.
425 2098 765 2157 Miltiadem
792 2108 1016 2166 autem,
1043 2100 1198 2159 Paro
1233 2119 1555 2167 reversum,
1584 2118 1769 2173 quum
1820 2098 1921 2157 ulii
1962 2118 2170 2157 omnes
2195 2099 2381 2157 Athe-

189 2174 400 2233 nienses
427 2178 488 2233 in
535 2194 638 2233 ore
677 2178 996 2245 habebant,
1027 2187 1153 2237 tum
1197 2197 1328 2253 praa
1359 2180 1583 2235 caeteris
1608 2178 2009 2251 Xanthippus,
2038 2179 2385 2251 Ariphronis

189 2255 368 2326 filius3
415 2257 522 2331 qui
553 2272 690 2311 eum
717 2260 912 2329 capitis
935 2274 1088 2319 reum
1111 2259 1238 2331 egit
1259 2258 1417 2331 apud
1441 2257 1749 2331 populum,
1779 2264 1845 2313 ut
1870 2258 1967 2329 qui
2000 2257 2383 2317 Athenienses

189 2332 314 2389 dolo
337 2336 494 2391 malo
529 2334 1024 2393 circumvenisset.
1101 2336 1298 2400 Quam
1323 2336 1394 2391 ad
1423 2335 1857 2393 accusationem
1896 2332 2191 2393 Miltiades
2232 2336 2382 2413 ipse,

189 2428 430 2483 praesens
472 2413 640 2477 licet,
672 2430 794 2471 non
843 2412 1184 2488 respondit:
1256 2432 1361 2471 nec
1402 2414 1555 2469 enim
1614 2419 1863 2486 poterat,
1894 2411 2115 2470 femore
2148 2408 2274 2487 jam
2318 2414 2384 2471 in

184 2492 552 2575 putredinem
595 2491 866 2551 abeunte.
956 2490 1090 2558 Sed,
1133 2492 1274 2549 dum
1314 2493 1418 2550 ille
1459 2492 1678 2550 lectulo
1724 2491 2037 2565 impositus
2078 2492 2140 2547 in
2188 2491 2383 2555 medio

183 2570 419 2638 jacebat,
447 2586 732 2629 ,caussam
772 2588 880 2645 pro
922 2588 992 2631 eo
1040 2570 1238 2633 dixere
1277 2571 1473 2638 amici,
1498 2588 1697 2644 pugnae
1722 2568 2090 2632 Marathonia.»
2130 2569 2385 2627 multam

193 2650 556 2707 mentionem
584 2648 899 2720 faciente83
945 2659 1008 2709 et
1029 2648 1244 2707 Lemni
1265 2650 1340 2707 ab
1366 2650 1471 2705 illo
1494 2657 1687 2723 παρίω,
1702 2666 2005 2723 poenaeque
2032 2649 2103 2706 de
2126 2650 2385 2725 Pelasgis

191 2735 410 2794 sumtoe,
441 2741 508 2783 et
557 2726 766 2783 iosnlae
804 2729 1253 2791 Atheniensibus
1296 2729 1539 2785 traditae.
1616 2728 1879 2787 Favente
1926 2735 2120 2787 autem
2164 2728 2253 2785 illi
2278 2746 2386 2803 po-

189 2805 318 2876 pulo
345 2806 659 2872 haetenus,
686 2818 756 2869 ut
779 2807 986 2880 capitis
1013 2807 1260 2866 crimine
1293 2824 1431 2867 eum
1468 2806 1819 2872 absolveret,
1848 2806 1951 2863 sed
1980 2819 2177 2863 tamen
2208 2825 2386 2881 prop-

189 2889 270 2939 ter
293 2884 587 2942 damnum
615 2886 841 2941 civitati
865 2886 1098 2946 illatum
1123 2886 1471 2959 quingentis
1498 2885 1775 2947 multaret
1797 2885 2059 2951 talentis,
2085 2885 2386 2945 Miltiades

167 2963 412 3035 ,quidem
445 2962 608 3019 haud
635 2964 830 3019 multo
867 2972 1023 3037 post,
1049 2964 1203 3023 carie
1241 2980 1414 3025 exeso
1455 2962 1897 3037 putrefactoque
1924 2962 2170 3029 femore,
2198 2964 2385 3023 vitam

191 3040 400 3112 finivit3
445 3042 781 3116 quingenta
805 3051 1005 3099 autem
1031 3043 1133 3097 illa
1158 3042 1382 3098 talenta
1409 3041 1563 3097 filius
1592 3036 1717 3113 ejus
1744 3042 1956 3099 Cimon
1986 3042 2280 3117 persolvit.
2345 3109 2353 3119 ⁸

171 3156 176 3163 -
267 3125 394 3179 137.
421 3120 680 3181 Leuso
711 3128 910 3183 autem
947 3117 1266 3187 Miltiades,
1294 3121 1555 3177 Cimonis
1582 3116 1761 3187 lilius,
1788 3120 1901 3177 hoc
1943 3119 2119 3179 modo
2163 3122 2389 3195 potitus

185 3210 319 3257 erat.
401 3196 724 3272 Postquam
751 3199 984 3274 Pelasgi
1027 3218 1102 3271 ex
1131 3200 1328 3257 Attica
1371 3198 1446 3254 ab
1486 3198 1938 3258 Atheniensibus
1982 3206 2153 3255 erant
2196 3196 2387 3271 ejecti,

191 3277 303 3334 sive
317 3273 474 3347 jure,
511 3274 635 3337 sive
661 3273 880 3347 injuria
897 3296 1138 3347 3--nam
1165 3278 1236 3335 de
1272 3279 1386 3335 hoc
1423 3277 1677 3351 quidem·
1702 3277 1785 3335 nil
1826 3277 1999 3337 aliud.
2030 3277 2223 3337 dicere
2248 3296 2386 3354 pos-

167 3372 340 3423 ¹sum,
383 3356 507 3415 nisi
549 3374 684 3429 quse
715 3356 792 3411 ab
831 3356 959 3413 aliis
997 3366 1435 3415 memorantur:
1480 3356 1723 3429 scilicet,
1754 3356 1913 3431 quod
1945 3358 2224 3413 Hecatam
2268 3359 2389 3417 He-

191 3436 458 3509 gesamlri
491 3434 672 3500 filins,
702 3436 812 3491 hac
836 3435 910 3491 de
933 3453 994 3491 re
1021 3436 1082 3493 in
1111 3436 1390 3503 Historiis
1429 3436 1549 3494 suis
1588 3434 1859 3509 loquens,
1889 3436 2064 3503 dieat,
2108 3442 2151 3468 “
2179 3432 2393 3505 injuria

191 3520 234 3544 “
265 3512 323 3571 id
365 3532 501 3587 esse
552 3514 800 3571 factum.
882 3512 1198 3587 Postquam
1243 3515 1398 3571 enim
1439 3514 1823 3577 Athenienses
1864 3512 2162 3589 regionem
2206 3516 2392 3582 illam,

197 3597 235 3622 “
265 3608 442 3666 quam
471 3592 584 3649 sub
613 3592 902 3667 Hymetto
927 3594 1100 3651 sitam
1138 3592 1426 3667 Pelasgis,
1452 3609 1561 3666 pro
1601 3592 1865 3649 mercede
1892 3593 2050 3652 muri
2094 3590 2239 3651 olim
2276 3596 2396 3655 arci

197 3676 236 3701 “
262 3671 630 3729 Athenarum
652 3671 1056 3739 circumducti,
1083 3672 1364 3733 dederant
1385 3670 1764 3731 habitandam
1794 3697 1813 3742 5
1858 3670 2006 3729 hanc
2033 3672 2395 3745 regionem,”

197 3749 296 3815 ait,
343 3757 390 3783 “
423 3758 736 3824 postquam
787 3750 940 3823 bene
979 3751 1204 3808 cultam
1247 3749 1527 3808 vidissent
1554 3750 1967 3815 Athenienses,
1994 3767 2177 3823 quum
2222 3758 2401 3809 antea

198 3832 236 3857 “
265 3828 486 3885 misera
512 3828 722 3886 fuisset
745 3834 806 3884 et
831 3828 1050 3885 nullius
1076 3829 1269 3901 pretii,
1296 3828 1518 3886 invidia
1545 3828 1727 3891 fuisse
1766 3837 1973 3901 captos
2012 3839 2079 3882 et
2096 3827 2397 3903 ‚desiderio

200 3910 237 3936 “
265 3900 447 3981 huius
474 3915 646 3963 terroe
661 3930 680 3975 3
725 3915 900 3978 atque
924 3908 1010 3965 ita
1033 3907 1446 3975 Athenienses,
1478 3907 1699 3966 nullam
1742 3907 1931 3963 aliam.
1950 3900 2109 3974 juris.
2140 3908 2394 3979 speciem

199 3988 237 4054 ‘.‘
262 4001 386 4058 prae
413 4002 480 4043 se
503 3984 774 4059 ferentes,
799 3985 932 4042 illos
957 3980 1254 4057 ejecisse.'’.
1335 3986 1458 4059 Ipsi
1494 3994 1697 4059 sutem
1728 3985 2116 4044 Athenienses
2152 3992 2397 4045 conten-

193 4061 366 4127 dunt,
412 4056 616 4133 “jure
645 4081 680 4119 a
703 4080 768 4119 se
793 4056 1010 4132 ejectos
1032 4064 1310 4139 Pelasgos
1329 4082 1473 4121 esse.
1554 4064 1871 4135 Postquam
1895 4062 2055 4127 enim
2076 4058 2399 4139 adsignatae

198 4146 241 4183 ’ὅ
267 4140 388 4209 illis
417 4141 532 4199 sub
561 4140 849 4217 Hymetto
875 4143 1038 4215 sedes
1063 4143 1348 4203 fuissent:
1395 4142 1527 4203 inde
1568 4142 1806 4209 eosdem
1852 4142 2035 4217 facto·
2056 4142 2281 4219 impetu
2306 4144 2398 4201 in-

271 4226 279 4235 ’
1224 4224 1262 4277 2
1291 4236 1330 4275 a
1350 4224 1387 4277 2
1766 4226 1773 4233 '
1929 4232 1934 4237 ’
