2925 4992
556 296 679 383 ἰω
1088 318 1583 380 alumno-1⁸1
1642 317 2010 380 ms'ron.
2059 318 2228 380 vm.

568 490 583 501 ·
649 480 780 537 140.
820 476 1140 553 Postquam
1171 498 1207 535 a
1230 478 1544 537 Mardonio
1570 479 1783 537 missus
1811 480 2138 537 Alexander
2167 479 2422 537 Athenas
2443 477 2638 546 venit,
2662 478 2762 535 tali

562 576 705 617 usus
732 564 821 615 est
858 559 1140 615 oratione.
1225 561 1340 633 (1.)
1390 564 1435 590 “
1464 558 1594 613 Viri
1621 558 1998 615 Athenienses
2023 558 2040 615 !
2085 556 2434 617 Mardonius
2457 559 2592 615 haec
2613 557 2766 613 dicit.

568 642 615 671 “
636 638 911 697 Nuncius
938 638 1081 694 mihi
1102 656 1137 693 a
1161 636 1327 713 Rege
1346 638 1504 692 venit
1529 639 1588 691 in
1617 638 1742 695 haec
1769 638 1982 695 verba=
2012 636 2464 696 Atheniensibus
2485 634 2765 707 injuriam

566 722 613 751 “
640 734 877 775 omnem
908 716 1053 772 mihi
1080 718 1154 773 ab
1181 716 1299 773 illis
1325 715 1564 771 inlatam
1599 718 1832 775 remitto
1859 743 1873 788 3
1921 734 2100 791 quare
2127 728 2193 773 tu
2231 717 2342 773 hoc
2381 716 2503 783 fac,
2531 715 2768 772 Mardo-

566 800 611 829 “
643 796 775 859 nie!
822 802 881 852 et
929 803 1143 852 terram
1191 811 1397 853 eorum
1436 794 1552 849 iliis
1599 795 1795 860 redde,
1833 803 1895 852 et
1933 796 2045 871 ipsi
2095 804 2303 871 praeter
2349 795 2506 850 hane
2547 795 2774 869 eligant

566 880 611 908 ‘⁸
636 875 839 940 aliam,
868 890 1302 949 quamcumque
1326 874 1644 939 voluerint,
1669 882 1728 929 et
1758 876 1846 931 sui
1875 870 2024 945 juris
2050 883 2261 931 sunto:
2305 880 2364 929 et
2393 873 2621 947 templa
2642 890 2771 940 om-

570 958 619 987 “
649 954 768 1019 nia,
794 970 927 1029 quae
953 968 1067 1027 ego
1095 952 1373 1017 cremavi,
1398 962 1468 1009 tu
1506 951 1630 1007 illis·
1663 953 1944 1018 instaura,
1974 955 2020 1010 si
2058 955 2237 1010 modo
2277 953 2623 1009 societatem
2650 968 2772 1007 me-

568 1038 613 1065 “
639 1050 775 1089 cum
808 1032 1092 1087 voluerint
1107 1026 1377 1105 jungere.
1460 1029 1580 1086 Hic
1609 1048 1793 1103 quum
1835 1033 1981 1089 mihi
2025 1032 2274 1089 nuncius
2313 1032 2646 1097 advenerit,
2671 1048 2774 1087 ne·

566 1116 615 1143 “
640 1112 891 1167 cessario
918 1109 1043 1166 haec
1080 1111 1321 1190 exsequi
1358 1126 1457 1167 me
1495 1118 1746 1185 oportet,
1776 1112 1883 1167 nisi
1909 1128 2016 1167 vos
2045 1112 2153 1183 ipsi
2194 1110 2561 1167 obstiteritiS.
2645 1108 2778 1165 Hoc

566 1196 611 1222 “
640 1198 838 1246 autem
880 1189 1053 1246 vobis
1097 1188 1245 1245 dico.
1324 1188 1483 1251 Quid
1525 1206 1687 1245 nunc
1733 1190 2098 1247 insanientes
2141 1207 2307 1246 arma
2351 1188 2523 1244 fertis
2575 1194 2776 1243 contra

568 1274 611 1301 “
636 1268 868 1349 Regem
894 1272 914 1324 ἒ
958 1284 1147 1341 neque
1170 1268 1328 1324 enim
1348 1284 1644 1341 ⁸superare
1669 1286 1804 1324 eum
1841 1270 2124 1343 poteritis,
2152 1284 2344 1341 neque
2368 1267 2430 1323 in
2459 1284 2648 1323 omne
2683 1267 2772 1323 fu-

564 1352 615 1380 “
642 1356 845 1405 turum
877 1353 1109 1421 tempus
1136 1347 1190 1402 ei
1216 1346 1495 1402 resistere.
1578 1346 1816 1403 Vidistis
1843 1349 1993 1404 enim
2031 1346 2332 1419 copiarum
2360 1344 2581 1402 Xerxis
2624 1344 2773 1401 mul-

566 1430 617 1459 “
646 1423 957 1484 titudinem
1000 1433 1061 1482 et
1104 1442 1193 1481 res
1234 1432 1472 1499 gestas3
1517 1426 1824 1481 audivistis
1867 1428 2046 1482 etiam
2095 1433 2315 1499 quanta
2355 1441 2524 1481 nunc
2565 1424 2662 1480 vis
2707 1424 2776 1480 sit

570 1507 917 1561 “mecum:
962 1504 1049 1560 ita
1090 1504 1350 1578 quidem,
1394 1510 1465 1559 ut
1511 1504 1741 1560 etiamsi
1792 1522 1898 1559 nos
1940 1504 2288 1577 superare-tis
2333 1512 2393 1559 et
2438 1503 2772 1566 vinceretis,

568 1587 617 1617 “
650 1583 834 1657 (quod
864 1584 1124 1657 quidem,
1151 1583 1200 1638 si
1227 1582 1372 1638 bene
1394 1584 1617 1655 sapitis,
1646 1583 1983 1658 neutiquam
2011 1581 2278 1655 speratis)
2305 1582 2456 1637 alius
2485 1582 2773 1638 exercitus
2869 1612 2878 1621 ·

566 1662 847 1719 “multis
872 1662 1134 1737 partibus
1174 1662 1544 1717 numerosior
1581 1660 1885 1718 adfuturus
1926 1670 2096 1718 esset.
2171 1661 2374 1718 Nolite
2415 1660 2626 1735 igitur,
2658 1660 2774 1735 regi

568 1748 617 1775 “
644 1758 750 1797 vos
800 1750 1121 1815 aequantes,
1160 1750 1311 1796 terra
1358 1740 1573 1813 privari
1613 1749 1827 1805 vestra,
1855 1749 1913 1797 et
1961 1750 2242 1815 perpetuo
2291 1742 2352 1796 in
2395 1740 2668 1813 periculo
2707 1740 2775 1794 de

566 1828 613 1853 “
642 1820 831 1877 salute
878 1830 1073 1876 vestra
1116 1816 1333 1875 vers'ari
1359 1834 1374 1873 :
1430 1819 1530 1874 sed
1577 1820 1910 1893 componite
1959 1820 2201 1876 bellum.
2281 1816 2535 1877 Potestis
2573 1824 2771 1875 autem

568 1906 615 1933 ‘⁶
646 1900 1083 1973 praeclarissime
1112 1896 1256 1955 iliud
1286 1914 1659 1971 componere,
1691 1914 1873 1971 quum
1908 1916 2008 1955 rex
2036 1900 2096 1955 in'
2125 1899 2278 1955 hanc
2319 1907 2548 1973 partem
2573 1896 2772 1952 animo

566 1984 613 2011 “
640 1980 829 2034 feratu
840 1996 880 2033 r.
903 2038 908 2042 ,
961 1977 1164 2033 Estote
1186 1978 1375 2042 liberi,
1405 1994 1702 2033 armorum
1727 1976 2006 2039 sotietate
2031 1978 2158 2034 sine
2187 1977 2392 2033 fraude
2418 1986 2478 2032 et
2507 1976 2649 2032 dolo
2676 1992 2774 2030 no·

568 2060 611 2090 “
636 2056 863 2112 hiscum
912 2063 1229 2110 contracta.
1314 2058 1479 2129 (140,
1508 2054 1590 2123 2.)
1637 2055 1805 2120 Haee,
1846 2056 2266 2112 Athenienses!
2315 2056 2667 2111 Mardonius
2709 2062 2771 2109 ut

568 2140 611 2167 “
638 2134 807 2189 vobis
834 2134 1085 2189 dicerem
1112 2132 1257 2189 mihi
1294 2132 1610 2189 mandavit.
1692 2133 1824 2209 Ego
1861 2150 2002 2191 vero
2027 2136 2100 2191 de
2139 2152 2270 2190 mea
2293 2131 2356 2191 in
2383 2152 2489 2189 vos
2520 2134 2770 2190 benevo-

568 2220 613 2245 “
642 2213 821 2269 lentia
850 2213 995 2268 nihil
1024 2212 1251 2268 dicamz
1296 2228 1405 2267 nec
1440 2212 1597 2267 euim
1629 2229 1794 2269 nunc
1833 2214 2116 2289 primum,
2148 2222 2315 2288 puto,
2343 2214 2569 2287 experti
2613 2212 2770 2268 illam

568 2298 616 2325 “
644 2292 890 2349 fueritis
960 2290 1084 2347 Oro
1112 2299 1311 2348 autem
1338 2304 1445 2346 vos
1473 2297 1534 2345 et
1557 2291 1820 2361 obsecro,
1847 2300 1916 2349 ut
1943 2310 2166 2349 morem
2196 2292 2416 2367 geratis
2443 2290 2770 2349 Mardonio.

569 2376 615 2405 “
642 2372 1018 2445 Perspectum
1040 2371 1195 2426 enim
1230 2370 1415 2425 habeo
1436 2370 1558 2425 fieri
1595 2388 1708 2427 non
1737 2388 1927 2445 posse,
1945 2382 2015 2427 ut
2043 2382 2322 2444 perpetuo
2351 2370 2576 2426 bellum
2607 2386 2770 2445 gera-

552 2454 613 2483 “‘
640 2451 717 2507 tis
745 2468 881 2507 cum
907 2450 1137 2507 Xerxe:
1172 2466 1427 2521 namque
1452 2448 1566 2504 hoc
1593 2449 1641 2505 si
1670 2450 1788 2505 fieri
1816 2468 1986 2526 posse
2011 2450 2428 2525 intelligerem,
2447 2464 2768 2522 numquam

567 2534 614 2563 “
644 2530 717 2585 ad
742 2546 850 2585 vos
894 2526 1229 2599 hujusmodi
1258 2544 1395 2582 cum
1424 2544 1696 2584 sermone
1723 2530 2034 2585 venissem.
2113 2530 2222 2586 Est
2249 2528 2408 2585 enim
2435 2524 2628 2603 Regis
2669 2544 2766 2602 po·

567 2613 613 2640 “
640 2608 823 2673 tentia
850 2607 1159 2681 plusquam
1190 2608 1466 2674 humana,
1493 2614 1554 2661 et
1579 2624 1786 2663 manus
1811 2624 1990 2679 supra
2010 2626 2185 2681 quam
2205 2608 2322 2663 dici
2351 2614 2550 2681 potest
2575 2608 2766 2681 longa.

568 2692 611 2718 “
638 2688 835 2747 Quare
882 2685 989 2740 nisi
1042 2701 1281 2759 propere
1322 2683 1514 2740 foedus
1553 2702 1686 2743 cum
1729 2676 1799 2741 eo
1839 2687 2086 2743 inieritis
2129 2686 2360 2761 quando
2395 2694 2566 2742 tanta
2605 2686 2766 2741 vobis

564 2768 613 2797 “
636 2764 969 2830 commoda,
997 2764 1043 2818 si
1086 2763 1300 2837 pacisci
1335 2766 1578 2819 cum'eo
1619 2764 1941 2839 yolueritis,
1967 2766 2280 2839 pollicetur
2300 2789 2316 2836 3
2361 2763 2548 2820 timeo
2585 2756 2764 2831 vobis,

564 2846 613 2875 “
639 2844 739 2917 qui
768 2860 887 2917 prae
916 2842 1148 2918 reliquis
1172 2842 1449 2897 omnibus
1473 2844 1647 2899 sociis
1678 2845 1931 2900 maxime
1957 2845 2016 2899 in
2039 2845 2138 2900 via
2163 2844 2409 2918 expositi
2435 2844 2600 2908 estis,
2619 2861 2764 2899 sem·

566 2926 611 2953 “
638 2938 856 2997 perque
878 2922 990 2977 soli
1033 2921 1361 2996 pet-dimini,
1391 2922 1608 2996 quippe
1635 2932 1850 2980 terram
1881 2923 2201 2981 incolentes
2229 2939 2364 2996 quae
2402 2938 2526 2996 prae
2551 2922 2763 2979 caeteris

552 3004 616 3033 ·“
647 3001 829 3059 veluti
868 3001 1021 3058 inter
1058 3000 1214 3057 duas*
1236 3000 1385 3057 acies
1421 3001 1615 3057 media
1653 2998 1960 3071 interjecta
1983 3013 2087 3059 est.
2168 3002 2245 3058 At
2269 3018 2496 3057 morem
2542 2999 2758 3075 gerite!

566 3085 612 3113 “
638 3080 875 3136 Etenim
906 3080 1148 3137 maximi
1168 3079 1338 3136 vobis
1365 3081 1648 3137 momenti
1675 3098 1766 3137 res
1791 3090 1899 3147 est,
1924 3081 1973 3136 si
2001 3081 2128 3137 Rex
2151 3097 2406 3155 magnus
2432 3079 2604 3135 vobis
2633 3079 2761 3135 solis

569 3163 619 3191 “
644 3176 718 3214 ex
743 3160 902 3215 omni
912 3160 1017 3215 bus
1044 3158 1263 3214 Graecis
1301 3170 1542 3231 peccata
1571 3160 1936 3228 condonans,
1963 3160 2280 3227 amicitiam
2305 3158 2617 3217 vobiscum
2639 3158 2762 3221 vult

566 3242 613 3273 ‘⁸
638 3239 1035 3294 contrahere.”
1118 3237 1265 3293 Haec
1291 3236 1600 3293 Alexandri
1629 3236 1755 3295 fuit
1773 3238 1977 3295 oratio,

550 3319 559 3328 ⁶
602 3354 606 3359 -
648 3318 781 3373 141.
810 3315 1237 3373 Lacedaemonii
1272 3331 1411 3371 vero
1437 3324 1504 3371 ut
1531 3318 1803 3373 audivere
1831 3318 2226 3375 Alexandrum
2253 3318 2516 3375 Athenas
2543 3318 2764 3375 venisse

565 3412 982 3471 persuasurum
1031 3394 1484 3451 Atheniensibus
1522 3401 1589 3450 ut
1627 3395 1816 3453 foedus
1858 3414 1994 3452 cum
2039 3398 2298 3453 Barbaro
2341 3397 2600 3467 faciant3
2645 3414 2762 3453 me·

566 3491 759 3532 mores
788 3473 1183 3537 oraculorum,
1213 3490 1345 3547 quae
1372 3474 1756 3547 praedixerant
1780 3473 1840 3530 in
1869 3475 2004 3533 fatis
2030 3493 2155 3533 esse
2181 3482 2252 3533 ut
2292 3476 2403 3551 ipsi
2431 3493 2571 3533 eum
2597 3482 2759 3533 caete-

566 3554 647 3611 ris
671 3543 1063 3611 Doriensibus
1101 3572 1137 3608 a
1165 3552 1357 3608 Medis
1398 3560 1457 3607 et
1494 3553 1954 3611 Atheniensibus
1991 3556 2396 3629 Peloponneso
2437 3550 2758 3626 ejiciantur,

564 3634 951 3690 uehementer
983 3632 1310 3687 timuerunt
1356 3648 1431 3686 ne
1473 3648 1609 3687 cum
1639 3631 1812 3689 Persa
1855 3634 2193 3690 societatem
2222 3633 2606 3689 Athenienses
2633 3650 2760 3689 con-

564 3714 885 3776 traherent,
915 3718 975 3765 et
1014 3728 1257 3783 propere
1282 3710 1513 3786 legatos
1541 3710 1792 3767 Athenas
1833 3712 2065 3768 mittere
2095 3714 2499 3769 decreverunt.
2579 3714 2758 3785 Atque

567 3792 649 3849 ita
689 3790 965 3865 contigit,
993 3798 1061 3845 ut
1105 3790 1334 3862 utrique
1374 3788 1552 3845 simul
1583 3790 1669 3862 (in
1711 3788 2006 3861 senatum)
2039 3791 2558 3848 introducerentur.
2635 3792 2757 3863 Ex-

563 3876 969 3945 spectaverant
996 3866 1155 3923 enim
1178 3867 1558 3924 Athenienses
1579 3877 1639 3925 et
1666 3886 1856 3925 moras
1885 3878 2196 3933 traxerant,
2227 3869 2378 3926 bene
2402 3870 2575 3945 gnari
2599 3868 2760 3925 resci-

562 3960 731 4007 turos
760 3946 1237 4005 Lacedaemonios
1264 3946 1489 4002 venisse
1518 3964 1552 4001 a
1578 3948 1837 4005 Barbare
1881 3950 2167 4004 nuncium
2207 3949 2278 4005 ad
2325 3966 2532 4023 pacem
2569 3946 2756 4005 conci-

564 4028 843 4093 liandam,
874 4045 1057 4101 eaque
1092 4042 1153 4081 re
1178 4024 1417 4098 cognita
1453 4026 1719 4099 protinus
1757 4028 1986 4102 legatos
2026 4028 2323 4085 missuros
2399 4029 2597 4090 Quare
2623 4042 2752 4083 con-

562 4107 721 4165 sulto
748 4115 983 4183 tempus
1010 4106 1315 4172 duxerant,
1342 4120 1460 4180 quo
1500 4106 1853 4164 sententiam
1887 4122 2054 4165 suam
2081 4106 2548 4167 Lacedaemoniis
2575 4105 2753 4163 decla-

566 4192 776 4244 rarent.
1324 4208 1333 4215 ·
