2925 4992
521 348 642 406 ³5⁶
1095 340 1597 405 HERODOTI
1654 328 2017 401 Hls'ron,
2058 340 2195 401 vn.

523 513 570 541 ‘⁶
598 506 714 562 bus
737 510 798 561 et
821 500 1118 582 AEginetis
1147 498 1501 577 reliquisque
1534 502 1597 558 in
1636 502 1885 559 classem
1922 498 2257 575 designatis.
2334 496 2507 559 Nihil
2538 506 2730 563 autem

533 589 576 621 “
605 584 718 643 illis
745 600 870 641 esse
895 581 1136 661 gravius
1158 584 1548 639 metuendum
1572 602 1585 637 ε
1618 596 1739 637 non
1764 580 1925 637 enim
1952 581 2129 637 deum
2156 594 2306 645 esse,
2326 581 2433 652 qui
2450 580 2739 639 Graeciam

531 670 576 699 “
609 662 869 726 invadat,
896 665 996 721 sed
1025 662 1364 719 bominemz
1411 660 1643 716 nullum
1672 668 1868 716 autem
1896 676 2005 715 nee
2028 672 2157 714 esse
2183 668 2289 713 nec
2321 658 2600 716 futurum
2628 678 2749 719 esse

535 749 582 777 “
609 742 945 809 mortalem,
971 741 1087 807 cui,
1113 754 1190 795 ex
1219 754 1338 813 quo
1359 747 1529 795 natus
1555 740 1654 804 sit,
1682 738 1909 795 malum
1938 736 2167 793 nullum
2212 737 2519 806 acciderit;
2566 738 2748 795 immo

531 829 578 855 ⁸⁸
609 821 884 877 maximis
909 820 1170 877 accidere
1195 818 1473 875 maxima.
1551 816 1781 873 Debere
1806 817 2005 890 itaque
2030 815 2211 871 etiam
2236 815 2427 883 illum,
2454 818 2565 891 qui
2586 819 2751 875 Grae·

535 906 582 933 “
609 900 762 955 ciam
791 900 1041 965 invadit,
1065 896 1326 953 mortalis
1353 912 1541 969 quum
1568 897 1665 962 sit,
1694 894 1889 971 gloria
1912 912 2020 951 sua
2045 894 2366 951 excidere.”
2438 896 2559 953 His
2582 896 2749 953 audi-

529 978 633 1043 tis,
663 977 749 1035 illi
773 978 1126 1035 'Pracbinem
1155 976 1376 1032 auxilio
1401 974 1623 1030 Graecis
1650 980 1954 1031 venerunt.

516 1082 544 1097 «-
611 1058 753 1115 204.
782 1057 896 1113 His
923 1057 1106 1131 igitur
1129 1061 1190 1110 et
1217 1054 1318 1109 alii
1343 1054 1581 1127 quidem
1610 1070 1685 1108 ex
1702 1069 1935 1129 quaque
1958 1052 2197 1108 civitate
2216 1052 2391 1109 duces
2420 1062 2748 1128 praeerant3

539 1134 664 1201 sed,
681 1152 860 1209 quem
888 1136 1146 1192 maxime
1173 1134 1370 1188 cuncti
1395 1129 1856 1197 admirabantur,
1880 1138 1941 1187 et
1968 1148 2142 1203 penes
2168 1148 2345 1205 quem
2366 1148 2617 1190 summa
2640 1148 2759 1191 erat

536 1215 722 1275 totius
759 1215 1013 1289 imperii,
1041 1210 1525 1269 Lacedaemonius
1566 1210 1679 1266 fuit
1706 1210 1995 1276 Leonidas,
2022 1226 2212 1284 genus
2252 1212 2329 1266 ab
2352 1208 2627 1271 Hercule
2653 1213 2757 1269 du·

539 1310 680 1351 cens
709 1293 817 1350 hac
839 1290 1130 1365 majorum
1155 1291 1340 1347 serie:
1383 1297 1549 1363 pater
1572 1289 2006 1347 Anaxandrides
2032 1289 2167 1354 fuit,
2196 1306 2337 1345 avus
2369 1288 2583 1348 Leon:
2632 1300 2757 1348 tum

537 1372 746 1445 reliqui
763 1373 1189 1446 progenitores,
1201 1366 1632 1443 Eurycratides‚
1650 1368 2009 1435 Anaxander,
2020 1363 2387 1441 Eurycrates,
2404 1370 2761 1444 Polydorus,

439 1500 444 1508 .
539 1452 904 1517 Alcamenes,
949 1448 1234 1513 Telecles,
1287 1447 1627 1511 Archelaus,
1678 1447 2009 1521 Agesilaus,
2065 1446 2379 1519 Doryssus,
2424 1447 2758 1518 Leobotes,

539 1528 948 1595 Ecbestratus,
983 1528 1147 1603 Agis,
1186 1526 1601 1601 Eurysthenes,
1630 1525 2060 1593 Aristodemus,
2088 1526 2557 1594 Aristomachus,
2588 1528 2759 1585 Cleo-

539 1608 721 1676 doeus,
749 1608 987 1682 Hyllus,
1017 1604 1292 1664 Herculis
1311 1604 1489 1661 filius.
1569 1604 1629 1661 Is
1654 1602 1943 1661 Iaeonidas
1968 1620 2215 1681 regnum
2244 1604 2465 1678 Spartae
2492 1624 2611 1663 nec
2636 1608 2761 1683 opi-

543 1704 688 1747 nans
713 1695 838 1743 erat
865 1688 1127 1759 adeptus.

478 1762 486 1771 '
619 1769 758 1824 205.
797 1768 1002 1827 Quum
1027 1766 1188 1822 enim
1221 1764 1344 1821 duo
1373 1765 1456 1821 illi
1488 1766 1697 1821 fratres
1718 1763 1975 1821 fuissent
2002 1770 2147 1820 natu
2176 1760 2453 1834 majores,
2484 1764 2759 1835 Cleome7

539 1862 652 1904 nes
671 1854 730 1902 et
751 1844 1026 1910 Dos-iens,
1053 1843 1256 1919 procul
1285 1844 1569 1900 habuerat
1590 1844 2004 1918 cogitationem
2028 1844 2198 1921 regni
2225 1844 2614 1917 adipiscendi.
2658 1845 2765 1902 Sed

543 1926 862 1985 Cleomene
887 1924 1014 1979 sine
1037 1923 1300 1980 mascula
1325 1922 1489 1997 prole
1517 1921 1817 1987 defuncte,
1840 1938 2022 1995 quum
2045 1920 2171 1991 jam
2194 1930 2321 1979 tum
2350 1922 2629 1979 Dorieus-
2644 1942 2763 1980 non

545 2004 800 2077 amplius
829 2003 889 2059 in
921 2001 1070 2056 vivis
1097 2002 1325 2066 fuisset,
1347 2002 1563 2075 quippe
1588 2002 1647 2056 in
1675 2000 1877 2057 Sicilia
1900 2009 2191 2067 mortuus,
2218 2002 2303 2057 ita
2327 2002 2401 2056 ad
2430 1999 2763 2060 Leonidam

541 2098 793 2157 regnum
819 2080 1102 2153 pervenit,
1126 2077 1408 2151 quoniam
1433 2091 1493 2134 et
1518 2076 1707 2150 major
1732 2088 1877 2135 natu
1902 2088 2026 2135 erat
2054 2081 2457 2145 Cleombroto,
2490 2081 2767 2138 Anaxan·

479 2210 484 2218 .
541 2160 728 2218 dridoe
751 2158 872 2216 filio
903 2166 1041 2214 natu
1069 2158 1342 2224 minimo,
1372 2166 1432 2215 et
1457 2158 1791 2215 Cleomenis
1830 2159 2008 2215 etiam
2049 2158 2231 2215 filiurn
2274 2159 2337 2214 in
2380 2160 2766 2218 matrimonio

543 2240 818 2297 habebat.
898 2238 956 2293 Is
997 2234 1184 2313 igitur
1221 2239 1290 2293 ad
1316 2238 1743 2310 Thermopylas
1784 2245 1909 2294 erat
1950 2238 2250 2312 profectus
2288 2255 2427 2293 cum
2468 2238 2709 2297 delecto
2734 2260 2769 2296 a

543 2336 610 2377 se
637 2318 906 2395 legitimo
943 2324 1342 2373 trecentorum
1387 2314 1639 2372 virorum
1676 2332 1946 2382 numero,
1976 2326 2035 2372 et
2068 2316 2308 2389 quidem
2346 2316 2571 2390 quibus
2606 2319 2769 2375 domi

541 2396 712 2455 liberi
745 2403 932 2453 erant.
1012 2394 1396 2451 Adsumserat
1435 2402 1661 2459 autem,
1693 2396 2031 2469 priusquam
2064 2396 2411 2460 advenisset,
2438 2396 2767 2454 Thebanos

540 2477 680 2534 illos
703 2492 956 2551 quorum
987 2490 1299 2531 numerum
1327 2487 1505 2548 supra
1528 2471 1845 2540 declaravi,
1868 2475 2081 2549 quibus
2112 2474 2465 2531 Leontiades
2493 2485 2767 2549 praeerat,

509 2554 904 2629 ·Eurymacbi
947 2552 1116 2609 filius.
1195 2555 1360 2615 Quos
1389 2553 1547 2609 solos
1582 2570 1655 2608 ex
1682 2554 1901 2610 Groecis
1936 2553 2245 2609 adsumere
2270 2571 2340 2610 ea
2376 2572 2596 2611 caussa
2632 2574 2765 2631 pro·

543 2642 851 2711 peraverat
887 2629 1201 2697 Leonidas,
1233 2632 1391 2705 quod
1435 2632 1859 2688 accusabuntur
1890 2631 2163 2689 Thebani
2201 2634 2593 2690 vehementer
2634 2652 2768 2692 cum

546 2714 742 2773 Medis
793 2708 1030 2768 sentire.
1111 2710 1477 2767 Invita-verat
1523 2709 1707 2785 igitur
1756 2728 1857 2767 eos
1910 2712 1982 2766 ad
2038 2728 2337 2767 armorum
2394 2714 2765 2779 societatem,

547 2807 902 2869 cognoscere
925 2788 1187 2861 cupiens,
1203 2798 1405 2847 utrum
1433 2789 1669 2845 missuri
1690 2798 1883 2846 essent
1906 2806 2106 2846 secum
2128 2791 2336 2858 socios,
2359 2808 2436 2847 an
2460 2808 2537 2847 ex
2564 2798 2769 2866 aperto

549 2868 913 2945 repudiatus-i
957 2868 1301 2934 Graecorum
1353 2868 1729 2925 societatemt
1781 2877 1841 2925 et
1880 2868 1989 2938 illi,
2031 2868 2188 2927 aliud
2239 2870 2379 2926 licet
2421 2872 2767 2938 sentientes,

549 2950 854 3017 miserant.

627 3034 766 3087 206.
803 3028 887 3088 Et
928 3029 1256 3089 Leonidam
1301 3028 1539 3103 quidem
1588 3044 1721 3084 cum
1764 3026 1878 3094 his,
1904 3026 2169 3102 quicum
2212 3048 2283 3087 eo
2326 3036 2516 3098 erant,
2545 3031 2769 3103 primos

545 3110 823 3169 omnium
864 3112 1146 3170 miserant
1189 3108 1462 3181 Spartani
1512 3110 1625 3164 hoc
1666 3104 1939 3175 consilio,
1982 3116 2055 3163 ut
2098 3117 2159 3163 et
2204 3110 2407 3185 reliqui
2458 3108 2635 3177 socii,
2686 3108 2771 3166 bis

547 3188 902 3262 conspectis,
929 3190 1204 3245 adversus
1245 3188 1444 3243 hostes
1485 3185 2006 3261 proficiscerentur,
2030 3204 2221 3261 neque
2246 3190 2359 3263 ipsi
2389 3190 2612 3262 pariter
2638 3188 2771 3245 Me-

547 3268 762 3324 dorum
819 3274 1202 3341 sequerentur
1253 3274 1466 3338 partes,
1523 3266 1572 3321 si
1628 3266 1888 3321 cunctari
1942 3263 2255 3339 Spartanos
2305 3265 2769 3324 intellexissent.

546 3344 784 3404 Deinde
809 3364 969 3411 vero,
998 3362 1182 3420 quum
1225 3345 1450 3403 Can-nea
1491 3360 1649 3401 nunc
1688 3344 2012 3409 obstarent,
2038 3347 2286 3419 peractis
2324 3346 2495 3403 festis
2532 3345 2771 3412 diebus,

549 3423 817 3483 custodia
858 3428 1082 3501 Spartae
1107 3424 1328 3489 relicta,
1357 3440 1496 3480 cum
1522 3422 1798 3479 omnibus
1838 3424 2019 3497 copiis
2044 3420 2361 3481 'occurrere
2387 3425 2771 3481 decreverant

547 3504 724 3562 hosti.
805 3502 1090 3561 Similiter
1116 3520 1256 3559 vero
1287 3502 1469 3558 etiam
1508 3501 1721 3576 reliqui
1746 3502 1889 3558 socii
1916 3502 2108 3557 facere
2134 3504 2603 3560 constituerant:
2651 3504 2772 3577 qui,

553 3600 742 3658 quum
773 3583 829 3637 in
863 3582 1018 3640 idem
1047 3584 1242 3657 ipsum
1269 3589 1531 3654 tempus,
1559 3596 1677 3654 quo
1706 3580 1833 3637 haec
1871 3581 2247 3656 gere-bantur,
2278 3582 2593 3658 Olympias
2618 3582 2771 3639 inci-

547 3664 736 3729 deret,
767 3660 875 3718 rati
921 3678 1037 3718 non
1075 3672 1198 3725 tam
1231 3659 1352 3716 cito
1393 3659 1464 3715 ad
1494 3660 1923 3732 Thermopylas
1946 3660 2123 3715 armis
2152 3662 2455 3718 decretum
2483 3662 2576 3729 iri,
2604 3668 2771 3718 ante-

549 3758 814 3801 cursores
844 3741 1081 3797 interim
1111 3740 1416 3796 miserunt.
1494 3738 1640 3794 'l'ale
1666 3738 1851 3811 igitur
1876 3738 2091 3795 horum
2118 3738 2235 3797 fuit
2260 3740 2597 3797 consilium.

629 3824 768 3878 20¹7.
811 3818 971 3886 Jam,
999 3818 1100 3893 qui
1127 3817 1199 3873 ad
1225 3815 1649 3891 Thermopylas
1688 3816 1853 3892 fuere
1884 3817 2097 3887 Graeci,
2128 3820 2231 3875 ubi
2256 3819 2413 3875 haud
2462 3819 2670 3893 procul
2696 3818 2771 3874 ab

549 3900 802 3957 introitu
851 3896 970 3955 fuit
1014 3898 1214 3964 Pcrsa,
1241 3896 1455 3952 timore
1503 3896 1777 3969 perculsi,
1804 3896 1877 3951 de
1912 3904 2147 3969 receptu
2194 3898 2535 3955 consultare
2578 3910 2775 3971 coepe-

549 3985 710 4034 runt.
789 3976 872 4033 Et
901 3976 1138 4051 reliquis
1161 3975 1400 4048 quidem
1427 3974 1871 4049 Peloponnesiis
1898 3974 2141 4048 placuit,
2170 3976 2329 4033 abire
2373 3977 2431 4033 in
2474 3976 2771 4049 Pelopon-

549 4070 779 4121 nesum,
807 4064 866 4111 et
908 4056 1203 4115 Isthmum
1245 4053 1556 4110 custodire.
1638 4051 1937 4111 Leonidas
1980 4071 2141 4119 vero,
2184 4055 2541 4113 sententiam
2590 4054 2768 4111 istam

551 4134 932 4191 vehementer
957 4130 1402 4208 indignantibus
1439 4132 1835 4189 phocensibus
1864 4139 1924 4189 et
1962 4130 2191 4201 Locris,
2218 4133 2293 4190 de
2320 4132 2771 4191 communi-ho-

551 4230 688 4286 rum
715 4212 967 4281 consilio
989 4228 1232 4283 manere
1259 4210 1342 4269 ibi
1369 4210 1651 4281 decrevit,
1678 4210 2025 4300 legatosque
2052 4230 2161 4296 per
2182 4211 2447 4279 civitates
2472 4212 2775 4279 dimittere
