2925 4992
1123 317 1412 388 CLIO.
2292 333 2373 390 so

155 483 454 562 pervenit.
505 483 694 542 Dario
719 501 862 544 vero
888 484 1134 562 indigna
1154 503 1244 546 res
1271 503 1398 546 esse
1419 484 1750 555 videbatur,
1778 487 1887 546 bac
1910 493 2085 580 porta
2102 503 2229 546 non
2253 488 2369 554 uti,

155 573 214 622 et
232 564 580 638 pecuniam,
607 581 742 639 quae
771 564 854 620 ibi
878 565 1144 638 deposita
1169 574 1347 633 esset,
1373 571 1551 639 atque
1574 567 1755 624 etiam
1778 566 1908 640 ipsa
1926 567 2221 632 invitaret,
2246 583 2369 624 nou

155 644 418 702 auferre.
495 643 678 700 Porta
716 643 828 699 hac
851 650 1052 705 autem
1091 661 1216 700 non
1241 643 1519 702 utebatur
1542 661 1639 712 eo,
1664 645 1827 720 quod
1852 661 1957 718 per
1982 645 2148 702 illam
2172 651 2371 704 trans·

152 724 326 780 eunti
351 719 610 778 cadaver
629 722 811 794 capiti
837 723 1188 780 immineret.
1263 719 1460 798 Igitur
1486 724 1713 797 aperuit
1750 723 2123 815 sepulcrum.
2164 731 2230 780 at
2264 739 2369 798 pe-

153 801 402 858 cuniam
429 799 670 872 quidem
693 796 906 873 reperit
931 799 1181 868 nullam,
1211 806 1310 858 sed
1337 801 1607 868 cadaver,
1620 810 1683 858 et
1706 802 1885 860 aliam
1910 797 2371 875 inscriptionem,

153 880 216 934 in
258 881 424 934 hanc
465 879 862 934 sententiam:
906 878 1056 934 Nisi
1104 894 1523 936 insanimus
1568 896 1747 936 assas
1790 895 1871 936 n·
1914 896 2105 938 ruam
2154 895 2367 936 tuoto

154 973 455 1020 munus,
501 971 986 1012 ιιιιι-ὐιιοτοιιυιι
1041 973 1328 1014 ιοουιοε
1377 973 1511 1014 non
1559 971 1949 1016 unvitans.
2028 959 2177 1018 Haee
2226 968 2373 1016 sunt

155 1054 284 1110 quae
312 1037 394 1092 de
420 1036 669 1120 regione
694 1036 804 1092 hac
831 1043 1247 1092 memorantur.

235 1117 372 1170 183.
415 1113 708 1182 Ejusdem
749 1108 930 1183 hujus
969 1114 1186 1188 reginoe
1232 1114 1442 1182 filium,
1470 1114 1719 1189 Assyrioe
1759 1133 1980 1192 regen,
2010 1116 2107 1174 cui
2150 1131 2369 1174 nomen

157 1201 282 1250 erat
307 1191 682 1265 Labynetus,
710 1191 868 1248 idem
891 1193 1050 1266 quod
1088 1193 1264 1266 patri,
1295 1195 1452 1252 bello
1492 1195 1660 1268 petiit
1686 1195 1895 1270 Cyrus.
1974 1193 2373 1252 Proficiscitur

155 1279 362 1328 autem
387 1271 460 1326 in
491 1270 714 1326 bellum
739 1268 872 1326 Rex
901 1287 1178 1346 magnus,
1209 1271 1360 1329 bene
1394 1273 1717 1330 instructus
1742 1272 1919 1330 domo
1944 1271 2257 1330 farinaeeis
2280 1273 2371 1328 ci-

153 1347 336 1406 bariis
363 1356 432 1406 et
463 1348 820 1440 pecudibus:
863 1355 1038 1423 atque
1061 1350 1244 1408 etiam
1281 1369 1501 1425 aquam
1522 1368 1599 1408 ex
1624 1351 1895 1425 Choaspe
1936 1350 2125 1408 fluvio
2162 1367 2367 1410 secum

153 1429 346 1496 vehit,
377 1428 492 1501 qui
517 1427 668 1482 Susa
695 1427 1060 1499 praeterfluit,
1079 1443 1150 1484 ex
1173 1445 1294 1501 quo
1317 1430 1446 1486 solo
1472 1447 1575 1486 rex
1600 1429 1771 1488 bibit.
1836 1430 1970 1490 Hoc
1996 1447 2073 1486 ex
2098 1430 2371 1504 Choaspe

153 1524 372 1579 aquam
415 1506 728 1560 decoctam
752 1505 1036 1564 vehentes
1073 1505 1136 1560 in
1161 1508 1318 1564 vasis
1357 1507 1653 1582 argenteis
1692 1525 1871 1581 quam
1910 1506 2183 1581 plurime
2218 1523 2369 1582 qua-

152 1585 338 1661 drigae
382 1584 572 1640 mulis
601 1579 825 1653 junctae
849 1591 1184 1642 constanter
1205 1602 1344 1644 eum
1386 1593 1717 1660 sequuntur
1740 1601 2113 1660 quocumque
2136 1585 2369 1659 pmfici·

153 1665 357 1720 scitur.

237 1747 380 1800 189.
429 1743 622 1816 Cyrus
659 1742 866 1818 igitur,
893 1742 1172 1800 adversus
1209 1741 1579 1818 Babylonem
1608 1741 1927 1818 profectus,
1950 1742 2057 1800 ubi
2094 1743 2167 1800 ad
2207 1743 2385 1819 Gyri·-

156 1819 290 1878 dem
331 1838 584 1878 amnem
625 1823 928 1894 pervenit3
973 1822 1074 1912 qui
1120 1821 1316 1878 fontes
1355 1821 1420 1878 in
1455 1821 1743 1880 Matianis
1782 1821 2027 1891 habena,
2057 1829 2375 1897 postquam

155 1915 258 1974 per
283 1900 710 1958 Dan-dunenses
752 1900 1006 1976 perfluit,
1035 1899 1096 1956 in
1133 1900 1320 1956 alium
1359 1901 1611 1958 fluvium
1648 1900 1859 1976 'ligr-in
1900 1917 2027 1958 sese
2064 1909 2375 1969 exonerat,

157 1979 256 2050 qui
299 1979 474 2052 Opin
515 1978 803 2052 oppidum
844 1979 1240 2069 proeterfluens
1279 1979 1340 2034 in
1379 1979 1751 2067 Erythraeum
1790 1995 1953 2036 mare
1991 1977 2371 2038 infunditur·
2348 2019 2371 2051 ,

155 2057 314 2112 hunc
339 2056 629 2132 Gyndem
657 2057 927 2123 fluvium,
949 2057 1054 2130 qui
1081 2057 1328 2114 navibus
1355 2066 1483 2114 erat
1500 2054 1895 2129 trajiciendus,
1910 2075 2099 2132 quum
2126 2058 2381 2116 transire

161 2135 354 2210 Cyrus
405 2143 754 2206 conaretur·
737 2177 756 2207 ,
802 2134 884 2190 ibi
928 2141 1070 2191 tunc
1115 2152 1272 2192 unus
1307 2153 1340 2192 e
1377 2135 1559 2192 sacris
1596 2137 1763 2210 equis
1800 2135 2079 2202 candidis,
2107 2135 2276 2194 ferox
2314 2144 2378 2193 et

155 2215 438 2286 petulans
467 2223 538 2270 ut
561 2221 706 2282 erat,
737 2215 1040 2288 ingressus
1069 2213 1316 2280 flumen,
1345 2215 1597 2270 transire
1626 2214 1987 2272 conabatur:
2028 2221 2091 2268 at
2118 2214 2377 2272 fluminis

158 2292 452 2366 impetus,
483 2292 654 2348 illum
693 2301 1104 2366 contorquens,
1131 2292 1464 2348 demersum
1490 2292 1765 2367 abripuit.
1844 2293 1958 2350 Cui
1986 2291 2167 2348 fluvio
2192 2293 2375 2350 vehe-

157 2378 402 2428 menter
429 2371 510 2428 ob
537 2371 686 2428 hanc
707 2371 1123 2434 contumeliam
1157 2371 1344 2426 iratus
1369 2371 1581 2443 Cyrus,
1608 2371 1869 2428 minatus
1890 2376 2001 2437 est,
2028 2371 2113 2426 ita
2137 2377 2377 2428 tenuem

157 2449 332 2506 illum
387 2465 456 2522 se
501 2448 864 2516 effecturum,
893 2456 962 2506 ut
1005 2448 1250 2522 posthac
1286 2448 1563 2506 mulieres
1601 2449 1801 2516 etiam,
1834 2465 1907 2504 ne
1945 2465 2107 2524 genu
2136 2447 2375 2522 quidem

158 2527 648 2594 madefacientes,
695 2528 922 2602 possint
973 2527 1234 2584 transire.
1317 2527 1464 2584 Haec
1514 2527 1793 2593 minatus,
1834 2528 2053 2584 omissa
2100 2529 2377 2585 adversus

157 2605 546 2680 Babylonem
587 2606 986 2680 expeditione,
1015 2606 1338 2662 exereitum
1378 2605 1651 2662 bifariam
1688 2606 1922 2663 divisit:
1964 2621 2151 2679 eoque
2189 2605 2375 2672 facto,

159 2685 420 2742 intentis
447 2684 694 2741 funibus
717 2684 1050 2759 designavit
1073 2685 1150 2740 ab
1175 2693 1422 2758 utraque
1445 2683 1709 2740 fluminis
1734 2684 1861 2758 ripa
1878 2692 2112 2742 sennam
2126 2690 2189 2740 et
2212 2689 2379 2742 octo-

159 2764 336 2838 ginta
381 2763 596 2829 fossas,
629 2779 1096 2837 quaquaversum
1133 2762 1473 2834 ducendas3
1517 2762 2017 2835 distributumque
2052 2763 2379 2820 exercitum

159 2844 266 2898 has
294 2841 496 2898 fossas
523 2841 724 2898 fodere
741 2838 940 2911 jussit.
993 2841 1208 2916 Igitur,
1233 2858 1456 2916 magna
1483 2841 1797 2898 hominum
1820 2840 2198 2899 multitudine
2224 2855 2377 2914 opus

159 2920 450 2987 faciente,
476 2919 750 2978 effectum
775 2919 1010 2993 quidem
1039 2926 1128 2976 est
1149 2936 1336 2993 opus,
1380 2926 1787 2976 verumtamen
1812 2927 2003 2976 totam
2026 2925 2289 2976 oestatem
2310 2919 2379 2978 iu

162 2999 382 3054 eodem
407 2999 524 3054 hoe
549 2999 682 3054 loco
710 3015 860 3071 opus
889 2997 1174 3056 facientes
1199 3013 1591 3054 consumsere.
2380 3053 2385 3058 .

243 3081 386 3136 190.
425 3077 748 3151 Postquam
775 3075 1002 3150 Gyndae
1040 3075 1223 3130 fluvio
1263 3075 1420 3130 hanc
1458 3091 1697 3148 poenam
1736 3072 1951 3130 inflixit
1977 3073 2185 3149 Cyrus,
2211 3079 2281 3130 ut
2308 3070 2393 3136 in,

162 3163 472 3214 trecentos
498 3157 804 3230 sexaginta
829 3153 1062 3210 canales
1095 3162 1250 3210 esset
1273 3153 1571 3220 diductuS,
1598 3153 1783 3210 altero
1804 3153 2045 3208 demum
2070 3153 2381 3226 adpetente
2404 3217 2407 3220 ⁴

163 3252 302 3292 vere
347 3234 632 3290 adversus
673 3232 1037 3306 Babylonem
1081 3233 1402 3289 exercitum
1445 3232 1634 3288 duxit.
1714 3231 1795 3288 Et
1832 3230 2169 3304 Babylonii,
2194 3230 2381 3304 copiis

163 3322 342 3371 extra
386 3311 598 3381 urbem
638 3312 884 3376 eductiS,
911 3328 1049 3366 eum
1091 3317 1523 3384 exspectarunt.
1606 3309 1722 3368 Ubi
1768 3309 2007 3385 propius
2044 3309 2253 3367 urbem
2276 3326 2379 3366 ac-

163 3393 368 3458 cessit,
398 3390 600 3464 praelio
627 3407 764 3448 cum
793 3407 864 3444 eo
893 3386 1288 3446 conflixerunt
1315 3388 1673 3461 Babylonii3
1716 3405 1837 3461 quo
1875 3388 2077 3461 praelio
2096 3389 2379 3463 superati,

164 3469 228 3532 in
255 3469 477 3530 urbem
503 3476 640 3526 sunt
665 3467 972 3541 compulsi.
1049 3465 1192 3526 Jam
1227 3467 1454 3540 pridem
1480 3485 1645 3534 vero,
1670 3465 1818 3524 bene
1858 3466 2033 3540 gnari
2064 3485 2187 3524 non
2210 3468 2379 3540 quie·
2382 3517 2391 3529 ,

163 3557 373 3605 turum
421 3547 667 3621 Cyrum,
709 3564 892 3620 quum
934 3544 1215 3604 vidissent
1252 3562 1388 3602 eum
1431 3553 1679 3602 cunctos
1718 3545 1934 3618 pariter
1977 3545 2231 3618 populos
2274 3544 2389 3608 ad-

164 3628 360 3702 gredi,
388 3625 822 3700 permultorum
862 3639 1152 3682 annorum
1195 3630 1593 3683 commeatum
1632 3623 1693 3680 in
1730 3624 1939 3680 urbem
1976 3632 2382 3696 comportave-

165 3714 326 3762 rant.
407 3706 608 3767 Quare
645 3703 710 3759 hi
734 3703 967 3777 quidem
1009 3720 1128 3758 non
1165 3701 1485 3758 admodum
1525 3701 1781 3775 graviter
1816 3701 2083 3758 ferebant
2122 3700 2391 3758 obsidio·.

169 3799 355 3841 nem:
401 3790 464 3842 at
515 3783 706 3856 Cyrus
751 3780 1196 3838 difficultatibus
1246 3779 1639 3853 premebatur,
1674 3780 2143 3866 quandoquidem
2188 3779 2383 3836 multo

161 3858 296 3934 jam
323 3869 596 3937 tempore
622 3857 976 3918 circumacto
999 3859 1151 3916 nihil
1177 3858 1497 3915 admodum
1525 3866 1811 3934 promotae
1834 3875 1925 3915 res
1952 3853 2075 3928 ejus
2100 3865 2287 3914 erant.

257 3944 395 3998 191.
437 3941 658 4018 Igitur,
683 3939 810 3996 sive
835 3939 966 4012 quis
991 3939 1140 3994 alius
1168 3938 1218 3994 ei
1247 3937 1545 3994 dubitanti
1580 3937 1889 3994 consilium
1918 3936 2233 4012 subgessit,
2258 3936 2385 3996 sive

171 4020 304 4094 ipse
329 4020 472 4095 quid
497 4017 842 4076 faciendum
867 4023 1020 4073 esset
1044 4016 1354 4084 intellexit,
1374 4016 1489 4072 hoc
1518 4015 1709 4072 facere
1734 4015 2009 4072 instituit.
2090 4012 2387 4072 Universo

171 4101 436 4162 exercitu
463 4098 642 4168 circa
646 4095 872 4154 flumen
899 4094 1202 4170 disposito,
1231 4094 1307 4150 ab
1333 4111 1404 4150 ea
1427 4094 1691 4151 maxime
1729 4099 1893 4168 parte
1918 4109 2035 4166 qua
2058 4093 2309 4150 urbem
2293 4111 2387 4164 ιιι-

171 4175 333 4247 fluit,
355 4177 578 4256 partim
619 4192 762 4232 vero
809 4174 990 4232 etiam
1027 4193 1066 4232 a
1104 4182 1274 4251 tergo
1311 4172 1420 4230 ubi
1461 4189 1541 4232 ex
1583 4171 1730 4232 urbe
1774 4171 2091 4258 egreditur,
2120 4171 2387 4248 prndixit

1249 4269 1272 4310 1
1301 4254 1340 4308 2
